"Exness","Symbol","Timestamp","Bid","Ask"
"exness","EURUSD","2023-06-21 00:00:00.141Z",1.0919699999999999,1.09202
"exness","EURUSD","2023-06-21 00:00:00.501Z",1.09195,1.09201
"exness","EURUSD","2023-06-21 00:00:01.699Z",1.09196,1.09202
"exness","EURUSD","2023-06-21 00:00:02.727Z",1.09196,1.09203
"exness","EURUSD","2023-06-21 00:00:03.738Z",1.0919699999999999,1.09202
"exness","EURUSD","2023-06-21 00:00:04.842Z",1.09196,1.09203
"exness","EURUSD","2023-06-21 00:00:06.079Z",1.09195,1.09202
"exness","EURUSD","2023-06-21 00:00:07.339Z",1.09196,1.09201
"exness","EURUSD","2023-06-21 00:00:08.413Z",1.09196,1.09202
"exness","EURUSD","2023-06-21 00:00:11.312Z",1.09194,1.092
"exness","EURUSD","2023-06-21 00:00:16.498Z",1.09193,1.092
"exness","EURUSD","2023-06-21 00:00:17.706Z",1.09193,1.09199
"exness","EURUSD","2023-06-21 00:00:23.130Z",1.09193,1.092
"exness","EURUSD","2023-06-21 00:00:26.392Z",1.09194,1.092
"exness","EURUSD","2023-06-21 00:00:27.661Z",1.09195,1.092
"exness","EURUSD","2023-06-21 00:00:28.741Z",1.09194,1.092
"exness","EURUSD","2023-06-21 00:00:29.428Z",1.09196,1.09202
"exness","EURUSD","2023-06-21 00:00:32.182Z",1.09196,1.09203
"exness","EURUSD","2023-06-21 00:00:33.481Z",1.09196,1.09202
"exness","EURUSD","2023-06-21 00:00:53.085Z",1.09195,1.09201
"exness","EURUSD","2023-06-21 00:00:53.359Z",1.09193,1.09199
"exness","EURUSD","2023-06-21 00:00:53.397Z",1.09191,1.09198
"exness","EURUSD","2023-06-21 00:00:53.424Z",1.0919,1.09196
"exness","EURUSD","2023-06-21 00:00:53.461Z",1.0919,1.09195
"exness","EURUSD","2023-06-21 00:00:53.707Z",1.0919,1.09196
"exness","EURUSD","2023-06-21 00:00:55.197Z",1.09191,1.0919699999999999
"exness","EURUSD","2023-06-21 00:01:01.288Z",1.0919,1.09196
"exness","EURUSD","2023-06-21 00:01:03.471Z",1.0919,1.09195
"exness","EURUSD","2023-06-21 00:01:04.534Z",1.09189,1.09195
"exness","EURUSD","2023-06-21 00:01:05.577Z",1.09188,1.09194
"exness","EURUSD","2023-06-21 00:01:06.579Z",1.09186,1.09193
"exness","EURUSD","2023-06-21 00:01:07.752Z",1.09187,1.09192
"exness","EURUSD","2023-06-21 00:01:07.926Z",1.09185,1.09192
"exness","EURUSD","2023-06-21 00:01:07.952Z",1.09184,1.0919
"exness","EURUSD","2023-06-21 00:01:09.004Z",1.09183,1.09189
"exness","EURUSD","2023-06-21 00:01:12.146Z",1.09184,1.0919
"exness","EURUSD","2023-06-21 00:01:13.411Z",1.09185,1.09192
"exness","EURUSD","2023-06-21 00:01:15.524Z",1.09187,1.09193
"exness","EURUSD","2023-06-21 00:01:16.525Z",1.09186,1.09193
"exness","EURUSD","2023-06-21 00:01:17.072Z",1.09188,1.09194
"exness","EURUSD","2023-06-21 00:01:18.503Z",1.09188,1.09193
"exness","EURUSD","2023-06-21 00:01:19.019Z",1.09186,1.09192
"exness","EURUSD","2023-06-21 00:01:21.246Z",1.09184,1.0919
"exness","EURUSD","2023-06-21 00:01:25.014Z",1.09185,1.0919
"exness","EURUSD","2023-06-21 00:01:27.816Z",1.09183,1.09189
"exness","EURUSD","2023-06-21 00:01:28.918Z",1.09182,1.09189
"exness","EURUSD","2023-06-21 00:01:30.069Z",1.09182,1.09188
"exness","EURUSD","2023-06-21 00:01:32.089Z",1.09183,1.09188
"exness","EURUSD","2023-06-21 00:01:36.555Z",1.09183,1.09189
"exness","EURUSD","2023-06-21 00:01:41.848Z",1.09185,1.0919
"exness","EURUSD","2023-06-21 00:01:41.872Z",1.09185,1.09192
"exness","EURUSD","2023-06-21 00:01:42.901Z",1.09186,1.09191
"exness","EURUSD","2023-06-21 00:01:43.029Z",1.09185,1.09191
"exness","EURUSD","2023-06-21 00:01:44.091Z",1.09183,1.09189
"exness","EURUSD","2023-06-21 00:01:44.492Z",1.09183,1.09188
"exness","EURUSD","2023-06-21 00:01:49.629Z",1.09183,1.0919
"exness","EURUSD","2023-06-21 00:01:50.959Z",1.09184,1.0919
"exness","EURUSD","2023-06-21 00:01:54.655Z",1.09184,1.09191
"exness","EURUSD","2023-06-21 00:01:57.951Z",1.09185,1.09191
"exness","EURUSD","2023-06-21 00:01:58.031Z",1.09184,1.0919
"exness","EURUSD","2023-06-21 00:01:58.085Z",1.09182,1.09188
"exness","EURUSD","2023-06-21 00:01:58.095Z",1.09181,1.09187
"exness","EURUSD","2023-06-21 00:01:59.577Z",1.09179,1.09185
"exness","EURUSD","2023-06-21 00:02:00.476Z",1.09181,1.09186
"exness","EURUSD","2023-06-21 00:02:01.580Z",1.09179,1.09185
"exness","EURUSD","2023-06-21 00:02:04.203Z",1.09178,1.09184
"exness","EURUSD","2023-06-21 00:02:09.958Z",1.09179,1.09185
"exness","EURUSD","2023-06-21 00:02:11.251Z",1.0918,1.09186
"exness","EURUSD","2023-06-21 00:02:12.901Z",1.0918,1.09185
"exness","EURUSD","2023-06-21 00:02:14.359Z",1.0918,1.09186
"exness","EURUSD","2023-06-21 00:02:25.812Z",1.09179,1.09186
"exness","EURUSD","2023-06-21 00:02:27.015Z",1.0918,1.09186
"exness","EURUSD","2023-06-21 00:02:35.646Z",1.0918,1.09187
"exness","EURUSD","2023-06-21 00:02:36.765Z",1.0918,1.09186
"exness","EURUSD","2023-06-21 00:02:40.405Z",1.09179,1.09186
"exness","EURUSD","2023-06-21 00:02:42.065Z",1.0918,1.09186
"exness","EURUSD","2023-06-21 00:02:43.118Z",1.0918,1.09185
"exness","EURUSD","2023-06-21 00:02:44.305Z",1.0918,1.09186
"exness","EURUSD","2023-06-21 00:02:44.333Z",1.09181,1.09187
"exness","EURUSD","2023-06-21 00:02:45.377Z",1.09182,1.09187
"exness","EURUSD","2023-06-21 00:02:45.509Z",1.0918,1.09186
"exness","EURUSD","2023-06-21 00:02:47.076Z",1.09181,1.09186
"exness","EURUSD","2023-06-21 00:02:49.342Z",1.0918,1.09186
"exness","EURUSD","2023-06-21 00:02:53.973Z",1.09179,1.09185
"exness","EURUSD","2023-06-21 00:02:57.145Z",1.09178,1.09184
"exness","EURUSD","2023-06-21 00:02:58.503Z",1.09177,1.09184
"exness","EURUSD","2023-06-21 00:02:59.910Z",1.09178,1.09183
"exness","EURUSD","2023-06-21 00:03:02.359Z",1.09177,1.09184
"exness","EURUSD","2023-06-21 00:03:05.558Z",1.09178,1.09185
"exness","EURUSD","2023-06-21 00:03:06.501Z",1.0918,1.09185
"exness","EURUSD","2023-06-21 00:03:09.477Z",1.09178,1.09185
"exness","EURUSD","2023-06-21 00:03:09.913Z",1.09177,1.09183
"exness","EURUSD","2023-06-21 00:03:11.494Z",1.09176,1.09182
"exness","EURUSD","2023-06-21 00:03:11.817Z",1.09174,1.09181
"exness","EURUSD","2023-06-21 00:03:12.694Z",1.09174,1.09179
"exness","EURUSD","2023-06-21 00:03:13.512Z",1.09175,1.09181
"exness","EURUSD","2023-06-21 00:03:15.965Z",1.09176,1.09182
"exness","EURUSD","2023-06-21 00:03:21.271Z",1.09177,1.09183
"exness","EURUSD","2023-06-21 00:03:23.562Z",1.09179,1.09185
"exness","EURUSD","2023-06-21 00:03:25.434Z",1.09181,1.09187
"exness","EURUSD","2023-06-21 00:03:30.030Z",1.09182,1.09187
"exness","EURUSD","2023-06-21 00:03:31.299Z",1.09182,1.09189
"exness","EURUSD","2023-06-21 00:03:33.692Z",1.09182,1.09187
"exness","EURUSD","2023-06-21 00:03:36.057Z",1.09181,1.09187
"exness","EURUSD","2023-06-21 00:03:37.309Z",1.0918,1.09186
"exness","EURUSD","2023-06-21 00:03:39.016Z",1.09179,1.09186
"exness","EURUSD","2023-06-21 00:03:39.536Z",1.09181,1.09186
"exness","EURUSD","2023-06-21 00:03:40.550Z",1.09181,1.09187
"exness","EURUSD","2023-06-21 00:03:40.665Z",1.09183,1.09189
"exness","EURUSD","2023-06-21 00:03:41.681Z",1.09183,1.09188
"exness","EURUSD","2023-06-21 00:03:42.686Z",1.09183,1.09189
"exness","EURUSD","2023-06-21 00:03:46.647Z",1.09182,1.09189
"exness","EURUSD","2023-06-21 00:03:46.991Z",1.09181,1.09187
"exness","EURUSD","2023-06-21 00:03:48.652Z",1.09182,1.09189
"exness","EURUSD","2023-06-21 00:03:48.760Z",1.09184,1.09189
"exness","EURUSD","2023-06-21 00:03:55.959Z",1.09183,1.0919
"exness","EURUSD","2023-06-21 00:04:00.086Z",1.09184,1.0919
"exness","EURUSD","2023-06-21 00:04:01.208Z",1.09184,1.09189
"exness","EURUSD","2023-06-21 00:04:02.810Z",1.09184,1.0919
"exness","EURUSD","2023-06-21 00:04:04.672Z",1.09186,1.09192
"exness","EURUSD","2023-06-21 00:04:05.833Z",1.09187,1.09193
"exness","EURUSD","2023-06-21 00:04:09.251Z",1.09185,1.09192
"exness","EURUSD","2023-06-21 00:04:10.253Z",1.09187,1.09192
"exness","EURUSD","2023-06-21 00:04:11.271Z",1.09187,1.09193
"exness","EURUSD","2023-06-21 00:04:14.957Z",1.09188,1.09193
"exness","EURUSD","2023-06-21 00:04:17.528Z",1.09187,1.09194
"exness","EURUSD","2023-06-21 00:04:19.490Z",1.09187,1.09193
"exness","EURUSD","2023-06-21 00:04:21.004Z",1.09189,1.09195
"exness","EURUSD","2023-06-21 00:04:23.612Z",1.0919,1.09195
"exness","EURUSD","2023-06-21 00:04:28.111Z",1.09189,1.09195
"exness","EURUSD","2023-06-21 00:04:29.777Z",1.09189,1.09196
"exness","EURUSD","2023-06-21 00:04:31.045Z",1.09189,1.09195
"exness","EURUSD","2023-06-21 00:04:37.735Z",1.09189,1.09196
"exness","EURUSD","2023-06-21 00:04:54.939Z",1.09189,1.09195
"exness","EURUSD","2023-06-21 00:05:13.421Z",1.09189,1.09196
"exness","EURUSD","2023-06-21 00:05:17.321Z",1.0919,1.09196
"exness","EURUSD","2023-06-21 00:05:18.356Z",1.09189,1.09195
"exness","EURUSD","2023-06-21 00:05:22.223Z",1.09189,1.09194
"exness","EURUSD","2023-06-21 00:05:22.606Z",1.09188,1.09194
"exness","EURUSD","2023-06-21 00:05:22.826Z",1.09186,1.09192
"exness","EURUSD","2023-06-21 00:05:22.866Z",1.09185,1.09191
"exness","EURUSD","2023-06-21 00:05:23.510Z",1.09184,1.09189
"exness","EURUSD","2023-06-21 00:05:28.762Z",1.09183,1.09189
"exness","EURUSD","2023-06-21 00:05:48.817Z",1.09182,1.09189
"exness","EURUSD","2023-06-21 00:06:04.002Z",1.09183,1.09189
"exness","EURUSD","2023-06-21 00:06:06.959Z",1.09182,1.09189
"exness","EURUSD","2023-06-21 00:06:08.898Z",1.09181,1.09187
"exness","EURUSD","2023-06-21 00:06:08.936Z",1.09179,1.09186
"exness","EURUSD","2023-06-21 00:06:10.067Z",1.09178,1.09185
"exness","EURUSD","2023-06-21 00:06:13.206Z",1.09179,1.09184
"exness","EURUSD","2023-06-21 00:06:13.536Z",1.09179,1.09185
"exness","EURUSD","2023-06-21 00:06:14.845Z",1.0918,1.09187
"exness","EURUSD","2023-06-21 00:06:20.030Z",1.0918,1.09186
"exness","EURUSD","2023-06-21 00:06:24.700Z",1.0918,1.09185
"exness","EURUSD","2023-06-21 00:06:29.180Z",1.09179,1.09186
"exness","EURUSD","2023-06-21 00:06:31.842Z",1.09181,1.09187
"exness","EURUSD","2023-06-21 00:06:33.111Z",1.09181,1.09186
"exness","EURUSD","2023-06-21 00:06:34.192Z",1.09181,1.09187
"exness","EURUSD","2023-06-21 00:06:43.959Z",1.0918,1.09186
"exness","EURUSD","2023-06-21 00:06:47.254Z",1.09179,1.09186
"exness","EURUSD","2023-06-21 00:06:51.979Z",1.0918,1.09185
"exness","EURUSD","2023-06-21 00:06:57.229Z",1.09179,1.09186
"exness","EURUSD","2023-06-21 00:06:58.441Z",1.0918,1.09186
"exness","EURUSD","2023-06-21 00:06:59.443Z",1.0918,1.09185
"exness","EURUSD","2023-06-21 00:07:00.466Z",1.09181,1.09186
"exness","EURUSD","2023-06-21 00:07:01.557Z",1.09181,1.09187
"exness","EURUSD","2023-06-21 00:07:05.914Z",1.09181,1.09186
"exness","EURUSD","2023-06-21 00:07:06.920Z",1.09181,1.09187
"exness","EURUSD","2023-06-21 00:07:13.447Z",1.0918,1.09186
"exness","EURUSD","2023-06-21 00:07:13.920Z",1.09179,1.09184
"exness","EURUSD","2023-06-21 00:07:14.396Z",1.09178,1.09184
"exness","EURUSD","2023-06-21 00:07:15.397Z",1.09178,1.09183
"exness","EURUSD","2023-06-21 00:07:16.672Z",1.09179,1.09184
"exness","EURUSD","2023-06-21 00:07:18.707Z",1.09178,1.09184
"exness","EURUSD","2023-06-21 00:07:20.408Z",1.09177,1.09183
"exness","EURUSD","2023-06-21 00:07:21.415Z",1.09176,1.09182
"exness","EURUSD","2023-06-21 00:07:22.501Z",1.09176,1.09181
"exness","EURUSD","2023-06-21 00:07:23.546Z",1.09176,1.09182
"exness","EURUSD","2023-06-21 00:07:25.679Z",1.09176,1.09183
"exness","EURUSD","2023-06-21 00:07:29.077Z",1.09177,1.09183
"exness","EURUSD","2023-06-21 00:07:39.023Z",1.09177,1.09184
"exness","EURUSD","2023-06-21 00:07:40.122Z",1.09178,1.09184
"exness","EURUSD","2023-06-21 00:07:43.098Z",1.09177,1.09184
"exness","EURUSD","2023-06-21 00:07:44.211Z",1.09178,1.09183
"exness","EURUSD","2023-06-21 00:07:53.647Z",1.09177,1.09184
"exness","EURUSD","2023-06-21 00:07:53.722Z",1.09179,1.09185
"exness","EURUSD","2023-06-21 00:07:54.408Z",1.0918,1.09187
"exness","EURUSD","2023-06-21 00:07:55.066Z",1.09182,1.09187
"exness","EURUSD","2023-06-21 00:07:57.732Z",1.09181,1.09188
"exness","EURUSD","2023-06-21 00:08:02.011Z",1.09182,1.09188
"exness","EURUSD","2023-06-21 00:08:06.865Z",1.09183,1.0919
"exness","EURUSD","2023-06-21 00:08:08.174Z",1.09184,1.09189
"exness","EURUSD","2023-06-21 00:08:10.159Z",1.09183,1.09189
"exness","EURUSD","2023-06-21 00:08:19.723Z",1.09182,1.09189
"exness","EURUSD","2023-06-21 00:08:23.540Z",1.09183,1.09188
"exness","EURUSD","2023-06-21 00:08:34.043Z",1.09183,1.09189
"exness","EURUSD","2023-06-21 00:08:36.102Z",1.09182,1.09188
"exness","EURUSD","2023-06-21 00:08:36.244Z",1.09181,1.09187
"exness","EURUSD","2023-06-21 00:08:36.545Z",1.0918,1.09185
"exness","EURUSD","2023-06-21 00:08:36.848Z",1.09178,1.09184
"exness","EURUSD","2023-06-21 00:08:38.059Z",1.09177,1.09184
"exness","EURUSD","2023-06-21 00:08:39.080Z",1.09177,1.09183
"exness","EURUSD","2023-06-21 00:08:40.533Z",1.09175,1.09181
"exness","EURUSD","2023-06-21 00:08:42.090Z",1.09173,1.0918
"exness","EURUSD","2023-06-21 00:08:44.418Z",1.09175,1.0918
"exness","EURUSD","2023-06-21 00:08:49.032Z",1.09174,1.0918
"exness","EURUSD","2023-06-21 00:08:52.568Z",1.09174,1.09181
"exness","EURUSD","2023-06-21 00:09:03.113Z",1.09175,1.09182
"exness","EURUSD","2023-06-21 00:09:04.266Z",1.09176,1.09182
"exness","EURUSD","2023-06-21 00:09:06.252Z",1.09175,1.09181
"exness","EURUSD","2023-06-21 00:09:07.446Z",1.09176,1.09181
"exness","EURUSD","2023-06-21 00:09:09.550Z",1.09175,1.09181
"exness","EURUSD","2023-06-21 00:09:22.103Z",1.09175,1.0918
"exness","EURUSD","2023-06-21 00:09:26.365Z",1.09175,1.09181
"exness","EURUSD","2023-06-21 00:09:34.128Z",1.09173,1.09179
"exness","EURUSD","2023-06-21 00:09:34.422Z",1.09171,1.09178
"exness","EURUSD","2023-06-21 00:09:35.567Z",1.09172,1.09178
"exness","EURUSD","2023-06-21 00:09:36.634Z",1.09173,1.09179
"exness","EURUSD","2023-06-21 00:09:45.663Z",1.09172,1.09178
"exness","EURUSD","2023-06-21 00:09:45.948Z",1.09173,1.0918
"exness","EURUSD","2023-06-21 00:09:47.150Z",1.09174,1.09181
"exness","EURUSD","2023-06-21 00:09:48.253Z",1.09175,1.0918
"exness","EURUSD","2023-06-21 00:09:48.348Z",1.09173,1.09179
"exness","EURUSD","2023-06-21 00:09:49.834Z",1.09174,1.09181
"exness","EURUSD","2023-06-21 00:09:50.428Z",1.09176,1.09181
"exness","EURUSD","2023-06-21 00:09:51.750Z",1.09176,1.09182
"exness","EURUSD","2023-06-21 00:09:58.091Z",1.09177,1.09183
"exness","EURUSD","2023-06-21 00:09:59.118Z",1.09176,1.09183
"exness","EURUSD","2023-06-21 00:10:00.133Z",1.09177,1.09182
"exness","EURUSD","2023-06-21 00:10:09.714Z",1.09176,1.09182
"exness","EURUSD","2023-06-21 00:10:10.804Z",1.09175,1.09182
"exness","EURUSD","2023-06-21 00:10:12.984Z",1.09176,1.09181
"exness","EURUSD","2023-06-21 00:10:14.088Z",1.09176,1.09182
"exness","EURUSD","2023-06-21 00:10:31.320Z",1.09176,1.09183
"exness","EURUSD","2023-06-21 00:10:32.778Z",1.09177,1.09182
"exness","EURUSD","2023-06-21 00:10:34.966Z",1.09176,1.09183
"exness","EURUSD","2023-06-21 00:10:36.544Z",1.09177,1.09183
"exness","EURUSD","2023-06-21 00:10:42.288Z",1.09177,1.09182
"exness","EURUSD","2023-06-21 00:10:44.830Z",1.09178,1.09183
"exness","EURUSD","2023-06-21 00:10:52.214Z",1.09176,1.09182
"exness","EURUSD","2023-06-21 00:10:53.377Z",1.09175,1.09181
"exness","EURUSD","2023-06-21 00:10:54.540Z",1.09175,1.0918
"exness","EURUSD","2023-06-21 00:11:02.410Z",1.09175,1.09181
"exness","EURUSD","2023-06-21 00:11:09.884Z",1.09176,1.09182
"exness","EURUSD","2023-06-21 00:11:11.126Z",1.09177,1.09183
"exness","EURUSD","2023-06-21 00:11:12.179Z",1.09177,1.09182
"exness","EURUSD","2023-06-21 00:11:14.553Z",1.09177,1.09183
"exness","EURUSD","2023-06-21 00:11:17.052Z",1.09176,1.09181
"exness","EURUSD","2023-06-21 00:11:18.155Z",1.09176,1.09182
"exness","EURUSD","2023-06-21 00:11:19.277Z",1.09176,1.09183
"exness","EURUSD","2023-06-21 00:11:26.460Z",1.09176,1.09182
"exness","EURUSD","2023-06-21 00:11:28.916Z",1.09176,1.09183
"exness","EURUSD","2023-06-21 00:11:31.586Z",1.09177,1.09183
"exness","EURUSD","2023-06-21 00:11:37.377Z",1.09179,1.09185
"exness","EURUSD","2023-06-21 00:11:41.349Z",1.09179,1.09184
"exness","EURUSD","2023-06-21 00:11:42.780Z",1.09179,1.09185
"exness","EURUSD","2023-06-21 00:11:47.640Z",1.09178,1.09184
"exness","EURUSD","2023-06-21 00:11:52.425Z",1.09178,1.09185
"exness","EURUSD","2023-06-21 00:11:52.506Z",1.0918,1.09186
"exness","EURUSD","2023-06-21 00:11:55.768Z",1.0918,1.09185
"exness","EURUSD","2023-06-21 00:11:57.502Z",1.0918,1.09186
"exness","EURUSD","2023-06-21 00:12:02.068Z",1.09178,1.09185
"exness","EURUSD","2023-06-21 00:12:03.202Z",1.09177,1.09184
"exness","EURUSD","2023-06-21 00:12:04.350Z",1.09177,1.09183
"exness","EURUSD","2023-06-21 00:12:05.208Z",1.09176,1.09182
"exness","EURUSD","2023-06-21 00:12:06.056Z",1.09175,1.0918
"exness","EURUSD","2023-06-21 00:12:08.731Z",1.09174,1.0918
"exness","EURUSD","2023-06-21 00:12:13.725Z",1.09173,1.09179
"exness","EURUSD","2023-06-21 00:12:18.902Z",1.09173,1.09178
"exness","EURUSD","2023-06-21 00:12:24.874Z",1.09172,1.09178
"exness","EURUSD","2023-06-21 00:12:24.952Z",1.0917,1.09176
"exness","EURUSD","2023-06-21 00:12:25.613Z",1.09172,1.09178
"exness","EURUSD","2023-06-21 00:12:26.645Z",1.09171,1.09177
"exness","EURUSD","2023-06-21 00:12:27.669Z",1.09172,1.09178
"exness","EURUSD","2023-06-21 00:12:31.877Z",1.09174,1.09179
"exness","EURUSD","2023-06-21 00:12:33.108Z",1.09173,1.09179
"exness","EURUSD","2023-06-21 00:12:48.579Z",1.09174,1.0918
"exness","EURUSD","2023-06-21 00:12:51.377Z",1.09173,1.09179
"exness","EURUSD","2023-06-21 00:12:56.092Z",1.09175,1.09181
"exness","EURUSD","2023-06-21 00:12:58.695Z",1.09176,1.09181
"exness","EURUSD","2023-06-21 00:13:01.164Z",1.09175,1.09181
"exness","EURUSD","2023-06-21 00:13:02.485Z",1.09176,1.09182
"exness","EURUSD","2023-06-21 00:13:20.260Z",1.09175,1.09181
"exness","EURUSD","2023-06-21 00:13:20.372Z",1.09174,1.0918
"exness","EURUSD","2023-06-21 00:13:20.781Z",1.09173,1.09178
"exness","EURUSD","2023-06-21 00:13:22.883Z",1.09173,1.09179
"exness","EURUSD","2023-06-21 00:13:24.295Z",1.09171,1.09178
"exness","EURUSD","2023-06-21 00:13:25.226Z",1.09171,1.09176
"exness","EURUSD","2023-06-21 00:13:27.955Z",1.0917,1.09176
"exness","EURUSD","2023-06-21 00:13:29.448Z",1.09169,1.09176
"exness","EURUSD","2023-06-21 00:13:31.856Z",1.0917,1.09176
"exness","EURUSD","2023-06-21 00:13:34.272Z",1.09168,1.09174
"exness","EURUSD","2023-06-21 00:13:37.982Z",1.09169,1.09174
"exness","EURUSD","2023-06-21 00:13:39.145Z",1.09168,1.09174
"exness","EURUSD","2023-06-21 00:13:43.164Z",1.09166,1.09173
"exness","EURUSD","2023-06-21 00:13:44.243Z",1.09165,1.09171
"exness","EURUSD","2023-06-21 00:13:45.472Z",1.09166,1.09171
"exness","EURUSD","2023-06-21 00:13:48.069Z",1.09165,1.09171
"exness","EURUSD","2023-06-21 00:14:01.507Z",1.09164,1.09171
"exness","EURUSD","2023-06-21 00:14:02.510Z",1.09166,1.09171
"exness","EURUSD","2023-06-21 00:14:03.802Z",1.09165,1.0917
"exness","EURUSD","2023-06-21 00:14:08.091Z",1.09165,1.09171
"exness","EURUSD","2023-06-21 00:14:09.280Z",1.09165,1.09172
"exness","EURUSD","2023-06-21 00:14:10.328Z",1.09165,1.09171
"exness","EURUSD","2023-06-21 00:14:11.342Z",1.09166,1.09171
"exness","EURUSD","2023-06-21 00:14:12.415Z",1.09165,1.09172
"exness","EURUSD","2023-06-21 00:14:13.444Z",1.09166,1.09172
"exness","EURUSD","2023-06-21 00:14:14.535Z",1.09166,1.09171
"exness","EURUSD","2023-06-21 00:14:19.491Z",1.09167,1.09172
"exness","EURUSD","2023-06-21 00:14:23.779Z",1.09166,1.09172
"exness","EURUSD","2023-06-21 00:14:25.995Z",1.09165,1.09171
"exness","EURUSD","2023-06-21 00:14:28.514Z",1.09166,1.09171
"exness","EURUSD","2023-06-21 00:14:29.649Z",1.09165,1.09171
"exness","EURUSD","2023-06-21 00:14:34.900Z",1.09164,1.09171
"exness","EURUSD","2023-06-21 00:14:35.910Z",1.09165,1.09171
"exness","EURUSD","2023-06-21 00:14:36.928Z",1.09166,1.09173
"exness","EURUSD","2023-06-21 00:14:39.214Z",1.09167,1.09173
"exness","EURUSD","2023-06-21 00:14:42.775Z",1.09168,1.09173
"exness","EURUSD","2023-06-21 00:14:42.797Z",1.09168,1.09174
"exness","EURUSD","2023-06-21 00:14:43.924Z",1.09169,1.09175
"exness","EURUSD","2023-06-21 00:14:51.088Z",1.09169,1.09174
"exness","EURUSD","2023-06-21 00:14:53.556Z",1.09168,1.09175
"exness","EURUSD","2023-06-21 00:14:54.822Z",1.09168,1.09174
"exness","EURUSD","2023-06-21 00:15:02.903Z",1.09167,1.09173
"exness","EURUSD","2023-06-21 00:15:05.262Z",1.09167,1.09172
"exness","EURUSD","2023-06-21 00:15:07.487Z",1.09167,1.09173
"exness","EURUSD","2023-06-21 00:15:11.789Z",1.09166,1.09172
"exness","EURUSD","2023-06-21 00:15:15.542Z",1.09167,1.09173
"exness","EURUSD","2023-06-21 00:15:16.562Z",1.09167,1.09174
"exness","EURUSD","2023-06-21 00:15:17.593Z",1.09168,1.09173
"exness","EURUSD","2023-06-21 00:15:19.650Z",1.09168,1.09175
"exness","EURUSD","2023-06-21 00:15:19.668Z",1.0917,1.09176
"exness","EURUSD","2023-06-21 00:15:20.703Z",1.09171,1.09177
"exness","EURUSD","2023-06-21 00:15:21.777Z",1.09172,1.09177
"exness","EURUSD","2023-06-21 00:15:23.906Z",1.09171,1.09176
"exness","EURUSD","2023-06-21 00:15:24.927Z",1.0917,1.09177
"exness","EURUSD","2023-06-21 00:15:26.824Z",1.09171,1.09177
"exness","EURUSD","2023-06-21 00:15:33.953Z",1.09171,1.09178
"exness","EURUSD","2023-06-21 00:15:35.087Z",1.09172,1.09178
"exness","EURUSD","2023-06-21 00:15:36.751Z",1.09172,1.09177
"exness","EURUSD","2023-06-21 00:15:37.751Z",1.09171,1.09177
"exness","EURUSD","2023-06-21 00:15:39.421Z",1.09171,1.09178
"exness","EURUSD","2023-06-21 00:15:41.597Z",1.09172,1.09178
"exness","EURUSD","2023-06-21 00:15:46.699Z",1.09171,1.09178
"exness","EURUSD","2023-06-21 00:15:47.715Z",1.09172,1.09177
"exness","EURUSD","2023-06-21 00:15:50.086Z",1.09172,1.09178
"exness","EURUSD","2023-06-21 00:15:52.530Z",1.09171,1.09176
"exness","EURUSD","2023-06-21 00:15:53.874Z",1.09171,1.09177
"exness","EURUSD","2023-06-21 00:15:55.050Z",1.0917,1.09177
"exness","EURUSD","2023-06-21 00:15:57.106Z",1.09171,1.09176
"exness","EURUSD","2023-06-21 00:16:02.359Z",1.0917,1.09176
"exness","EURUSD","2023-06-21 00:16:04.495Z",1.09169,1.09175
"exness","EURUSD","2023-06-21 00:16:06.139Z",1.09168,1.09175
"exness","EURUSD","2023-06-21 00:16:07.908Z",1.09168,1.09174
"exness","EURUSD","2023-06-21 00:16:08.958Z",1.09169,1.09174
"exness","EURUSD","2023-06-21 00:16:09.540Z",1.09167,1.09173
"exness","EURUSD","2023-06-21 00:16:09.718Z",1.09166,1.09172
"exness","EURUSD","2023-06-21 00:16:10.725Z",1.09165,1.09171
"exness","EURUSD","2023-06-21 00:16:11.731Z",1.09166,1.09172
"exness","EURUSD","2023-06-21 00:16:13.958Z",1.09165,1.09171
"exness","EURUSD","2023-06-21 00:16:16.220Z",1.09166,1.09172
"exness","EURUSD","2023-06-21 00:16:22.208Z",1.09167,1.09172
"exness","EURUSD","2023-06-21 00:16:23.241Z",1.09166,1.09172
"exness","EURUSD","2023-06-21 00:16:24.313Z",1.09165,1.09172
"exness","EURUSD","2023-06-21 00:16:26.228Z",1.09166,1.09171
"exness","EURUSD","2023-06-21 00:16:28.472Z",1.09164,1.0917
"exness","EURUSD","2023-06-21 00:16:29.490Z",1.09163,1.0917
"exness","EURUSD","2023-06-21 00:16:30.568Z",1.09163,1.09169
"exness","EURUSD","2023-06-21 00:16:31.660Z",1.09164,1.09169
"exness","EURUSD","2023-06-21 00:16:34.793Z",1.09163,1.09169
"exness","EURUSD","2023-06-21 00:16:41.924Z",1.09161,1.09167
"exness","EURUSD","2023-06-21 00:16:42.447Z",1.09161,1.09166
"exness","EURUSD","2023-06-21 00:16:48.165Z",1.09161,1.09167
"exness","EURUSD","2023-06-21 00:16:49.100Z",1.09162,1.09167
"exness","EURUSD","2023-06-21 00:16:49.303Z",1.09163,1.09169
"exness","EURUSD","2023-06-21 00:16:49.504Z",1.09165,1.0917
"exness","EURUSD","2023-06-21 00:16:50.516Z",1.09164,1.0917
"exness","EURUSD","2023-06-21 00:16:51.725Z",1.09164,1.09169
"exness","EURUSD","2023-06-21 00:16:51.944Z",1.09162,1.09168
"exness","EURUSD","2023-06-21 00:16:52.122Z",1.0916,1.09167
"exness","EURUSD","2023-06-21 00:16:54.190Z",1.09162,1.09167
"exness","EURUSD","2023-06-21 00:16:55.272Z",1.09161,1.09167
"exness","EURUSD","2023-06-21 00:16:57.791Z",1.09161,1.09168
"exness","EURUSD","2023-06-21 00:16:58.988Z",1.09161,1.09167
"exness","EURUSD","2023-06-21 00:17:02.054Z",1.09162,1.09168
"exness","EURUSD","2023-06-21 00:17:03.209Z",1.09161,1.09167
"exness","EURUSD","2023-06-21 00:17:04.233Z",1.09161,1.09166
"exness","EURUSD","2023-06-21 00:17:05.924Z",1.09161,1.09167
"exness","EURUSD","2023-06-21 00:17:15.604Z",1.0916,1.09167
"exness","EURUSD","2023-06-21 00:17:18.732Z",1.09161,1.09167
"exness","EURUSD","2023-06-21 00:17:20.880Z",1.0916,1.09167
"exness","EURUSD","2023-06-21 00:17:22.004Z",1.09161,1.09168
"exness","EURUSD","2023-06-21 00:17:23.262Z",1.09162,1.09168
"exness","EURUSD","2023-06-21 00:17:25.486Z",1.09162,1.09167
"exness","EURUSD","2023-06-21 00:17:29.053Z",1.09162,1.09168
"exness","EURUSD","2023-06-21 00:17:31.383Z",1.09163,1.09168
"exness","EURUSD","2023-06-21 00:17:41.903Z",1.09163,1.09169
"exness","EURUSD","2023-06-21 00:17:46.770Z",1.09162,1.09168
"exness","EURUSD","2023-06-21 00:17:48.281Z",1.09162,1.09169
"exness","EURUSD","2023-06-21 00:17:48.735Z",1.09164,1.0917
"exness","EURUSD","2023-06-21 00:17:49.666Z",1.09165,1.09172
"exness","EURUSD","2023-06-21 00:17:50.385Z",1.09167,1.09172
"exness","EURUSD","2023-06-21 00:17:51.561Z",1.09166,1.09173
"exness","EURUSD","2023-06-21 00:17:56.719Z",1.09168,1.09174
"exness","EURUSD","2023-06-21 00:17:57.801Z",1.09166,1.09173
"exness","EURUSD","2023-06-21 00:17:58.885Z",1.09167,1.09172
"exness","EURUSD","2023-06-21 00:18:00.698Z",1.09166,1.09172
"exness","EURUSD","2023-06-21 00:18:05.709Z",1.09164,1.0917
"exness","EURUSD","2023-06-21 00:18:09.880Z",1.09163,1.0917
"exness","EURUSD","2023-06-21 00:18:15.241Z",1.09163,1.09169
"exness","EURUSD","2023-06-21 00:18:18.951Z",1.09163,1.09168
"exness","EURUSD","2023-06-21 00:18:26.141Z",1.09163,1.09169
"exness","EURUSD","2023-06-21 00:18:28.564Z",1.09162,1.09168
"exness","EURUSD","2023-06-21 00:18:31.333Z",1.09163,1.09169
"exness","EURUSD","2023-06-21 00:18:31.426Z",1.09161,1.09167
"exness","EURUSD","2023-06-21 00:18:31.839Z",1.09159,1.09166
"exness","EURUSD","2023-06-21 00:18:32.902Z",1.09159,1.09165
"exness","EURUSD","2023-06-21 00:18:34.009Z",1.09158,1.09165
"exness","EURUSD","2023-06-21 00:18:36.917Z",1.09158,1.09164
"exness","EURUSD","2023-06-21 00:18:41.679Z",1.09157,1.09164
"exness","EURUSD","2023-06-21 00:18:42.687Z",1.09158,1.09164
"exness","EURUSD","2023-06-21 00:18:44.822Z",1.09158,1.09165
"exness","EURUSD","2023-06-21 00:18:46.567Z",1.09159,1.09164
"exness","EURUSD","2023-06-21 00:18:47.601Z",1.09158,1.09164
"exness","EURUSD","2023-06-21 00:18:48.618Z",1.09157,1.09164
"exness","EURUSD","2023-06-21 00:18:52.845Z",1.09157,1.09163
"exness","EURUSD","2023-06-21 00:18:54.175Z",1.09155,1.09162
"exness","EURUSD","2023-06-21 00:18:54.237Z",1.09154,1.0916
"exness","EURUSD","2023-06-21 00:18:55.241Z",1.09154,1.09159
"exness","EURUSD","2023-06-21 00:18:59.085Z",1.0915300000000001,1.09159
"exness","EURUSD","2023-06-21 00:18:59.957Z",1.09155,1.09161
"exness","EURUSD","2023-06-21 00:19:00.607Z",1.09156,1.09162
"exness","EURUSD","2023-06-21 00:19:01.727Z",1.09157,1.09162
"exness","EURUSD","2023-06-21 00:19:04.960Z",1.09158,1.09163
"exness","EURUSD","2023-06-21 00:19:04.981Z",1.09158,1.09164
"exness","EURUSD","2023-06-21 00:19:05.025Z",1.0916,1.09166
"exness","EURUSD","2023-06-21 00:19:08.445Z",1.0916,1.09165
"exness","EURUSD","2023-06-21 00:19:10.073Z",1.0916,1.09166
"exness","EURUSD","2023-06-21 00:19:11.124Z",1.0916,1.09167
"exness","EURUSD","2023-06-21 00:19:13.342Z",1.09161,1.09167
"exness","EURUSD","2023-06-21 00:19:15.452Z",1.0916,1.09167
"exness","EURUSD","2023-06-21 00:19:16.673Z",1.0916,1.09166
"exness","EURUSD","2023-06-21 00:19:18.468Z",1.0916,1.09167
"exness","EURUSD","2023-06-21 00:19:19.496Z",1.09161,1.09167
"exness","EURUSD","2023-06-21 00:19:29.230Z",1.0916,1.09166
"exness","EURUSD","2023-06-21 00:19:35.540Z",1.09162,1.09168
"exness","EURUSD","2023-06-21 00:19:40.676Z",1.09163,1.09168
"exness","EURUSD","2023-06-21 00:19:43.945Z",1.09162,1.09169
"exness","EURUSD","2023-06-21 00:19:49.858Z",1.09164,1.0917
"exness","EURUSD","2023-06-21 00:19:53.612Z",1.09165,1.09171
"exness","EURUSD","2023-06-21 00:19:55.817Z",1.09166,1.09172
"exness","EURUSD","2023-06-21 00:20:00.344Z",1.09165,1.09171
"exness","EURUSD","2023-06-21 00:20:01.348Z",1.09165,1.09172
"exness","EURUSD","2023-06-21 00:20:02.531Z",1.09166,1.09172
"exness","EURUSD","2023-06-21 00:20:04.472Z",1.09166,1.09173
"exness","EURUSD","2023-06-21 00:20:08.907Z",1.09167,1.09173
"exness","EURUSD","2023-06-21 00:20:19.844Z",1.09168,1.09174
"exness","EURUSD","2023-06-21 00:20:22.049Z",1.09166,1.09172
"exness","EURUSD","2023-06-21 00:20:22.588Z",1.09166,1.09171
"exness","EURUSD","2023-06-21 00:20:22.616Z",1.09164,1.0917
"exness","EURUSD","2023-06-21 00:20:24.185Z",1.09165,1.0917
"exness","EURUSD","2023-06-21 00:20:25.189Z",1.09163,1.0917
"exness","EURUSD","2023-06-21 00:20:27.613Z",1.09163,1.09169
"exness","EURUSD","2023-06-21 00:20:32.187Z",1.09162,1.09168
"exness","EURUSD","2023-06-21 00:20:33.682Z",1.0916,1.09166
"exness","EURUSD","2023-06-21 00:20:35.988Z",1.09162,1.09168
"exness","EURUSD","2023-06-21 00:20:40.923Z",1.09162,1.09169
"exness","EURUSD","2023-06-21 00:20:41.758Z",1.09161,1.09167
"exness","EURUSD","2023-06-21 00:20:43.194Z",1.09161,1.09166
"exness","EURUSD","2023-06-21 00:20:43.439Z",1.09162,1.09168
"exness","EURUSD","2023-06-21 00:20:44.610Z",1.09162,1.09169
"exness","EURUSD","2023-06-21 00:20:45.874Z",1.09163,1.09168
"exness","EURUSD","2023-06-21 00:20:50.100Z",1.09161,1.09168
"exness","EURUSD","2023-06-21 00:20:50.530Z",1.09161,1.09166
"exness","EURUSD","2023-06-21 00:20:55.605Z",1.0916,1.09166
"exness","EURUSD","2023-06-21 00:20:56.836Z",1.09162,1.09168
"exness","EURUSD","2023-06-21 00:20:59.387Z",1.09163,1.09168
"exness","EURUSD","2023-06-21 00:21:00.394Z",1.09162,1.09169
"exness","EURUSD","2023-06-21 00:21:02.497Z",1.09162,1.09168
"exness","EURUSD","2023-06-21 00:21:12.392Z",1.09163,1.09169
"exness","EURUSD","2023-06-21 00:21:15.239Z",1.09164,1.0917
"exness","EURUSD","2023-06-21 00:21:19.226Z",1.09164,1.09171
"exness","EURUSD","2023-06-21 00:21:20.387Z",1.09165,1.0917
"exness","EURUSD","2023-06-21 00:21:22.361Z",1.09166,1.09171
"exness","EURUSD","2023-06-21 00:21:32.460Z",1.09165,1.09171
"exness","EURUSD","2023-06-21 00:21:32.500Z",1.09167,1.09173
"exness","EURUSD","2023-06-21 00:21:32.543Z",1.09168,1.09175
"exness","EURUSD","2023-06-21 00:21:32.637Z",1.0917,1.09176
"exness","EURUSD","2023-06-21 00:21:33.802Z",1.0917,1.09177
"exness","EURUSD","2023-06-21 00:21:37.347Z",1.09171,1.09177
"exness","EURUSD","2023-06-21 00:21:38.646Z",1.09172,1.09178
"exness","EURUSD","2023-06-21 00:21:40.013Z",1.09173,1.09179
"exness","EURUSD","2023-06-21 00:21:41.030Z",1.09172,1.09178
"exness","EURUSD","2023-06-21 00:21:43.121Z",1.09173,1.09179
"exness","EURUSD","2023-06-21 00:21:50.141Z",1.09174,1.09179
"exness","EURUSD","2023-06-21 00:21:53.672Z",1.09174,1.0918
"exness","EURUSD","2023-06-21 00:21:54.852Z",1.09175,1.0918
"exness","EURUSD","2023-06-21 00:21:59.750Z",1.09175,1.09182
"exness","EURUSD","2023-06-21 00:22:00.216Z",1.09177,1.09183
"exness","EURUSD","2023-06-21 00:22:01.215Z",1.09178,1.09185
"exness","EURUSD","2023-06-21 00:22:01.278Z",1.09181,1.09186
"exness","EURUSD","2023-06-21 00:22:03.907Z",1.09181,1.09187
"exness","EURUSD","2023-06-21 00:22:08.432Z",1.09182,1.09188
"exness","EURUSD","2023-06-21 00:22:09.361Z",1.09183,1.09189
"exness","EURUSD","2023-06-21 00:22:10.418Z",1.09184,1.09189
"exness","EURUSD","2023-06-21 00:22:13.178Z",1.09182,1.09189
"exness","EURUSD","2023-06-21 00:22:18.520Z",1.09183,1.09189
"exness","EURUSD","2023-06-21 00:22:20.461Z",1.09181,1.09187
"exness","EURUSD","2023-06-21 00:22:21.768Z",1.09182,1.09188
"exness","EURUSD","2023-06-21 00:22:22.286Z",1.09182,1.09187
"exness","EURUSD","2023-06-21 00:22:24.765Z",1.09181,1.09187
"exness","EURUSD","2023-06-21 00:22:28.986Z",1.09181,1.09188
"exness","EURUSD","2023-06-21 00:22:29.783Z",1.09183,1.09189
"exness","EURUSD","2023-06-21 00:22:30.547Z",1.09184,1.09189
"exness","EURUSD","2023-06-21 00:22:34.328Z",1.09185,1.0919
"exness","EURUSD","2023-06-21 00:22:37.565Z",1.09184,1.0919
"exness","EURUSD","2023-06-21 00:22:40.157Z",1.09183,1.09189
"exness","EURUSD","2023-06-21 00:22:41.618Z",1.09184,1.09189
"exness","EURUSD","2023-06-21 00:22:42.683Z",1.09183,1.09188
"exness","EURUSD","2023-06-21 00:22:42.933Z",1.09184,1.0919
"exness","EURUSD","2023-06-21 00:22:45.144Z",1.09185,1.09191
"exness","EURUSD","2023-06-21 00:22:49.557Z",1.09184,1.0919
"exness","EURUSD","2023-06-21 00:22:51.122Z",1.09183,1.0919
"exness","EURUSD","2023-06-21 00:22:55.559Z",1.09184,1.0919
"exness","EURUSD","2023-06-21 00:23:02.400Z",1.09183,1.0919
"exness","EURUSD","2023-06-21 00:23:04.295Z",1.09184,1.0919
"exness","EURUSD","2023-06-21 00:23:09.449Z",1.09183,1.0919
"exness","EURUSD","2023-06-21 00:23:11.628Z",1.09182,1.09188
"exness","EURUSD","2023-06-21 00:23:11.655Z",1.0918,1.09186
"exness","EURUSD","2023-06-21 00:23:12.683Z",1.09179,1.09185
"exness","EURUSD","2023-06-21 00:23:14.622Z",1.0918,1.09187
"exness","EURUSD","2023-06-21 00:23:15.350Z",1.09182,1.09187
"exness","EURUSD","2023-06-21 00:23:17.040Z",1.09182,1.09189
"exness","EURUSD","2023-06-21 00:23:18.305Z",1.09183,1.09189
"exness","EURUSD","2023-06-21 00:23:19.358Z",1.09182,1.09189
"exness","EURUSD","2023-06-21 00:23:28.573Z",1.09183,1.09189
"exness","EURUSD","2023-06-21 00:23:30.647Z",1.09182,1.09189
"exness","EURUSD","2023-06-21 00:23:35.737Z",1.09181,1.09187
"exness","EURUSD","2023-06-21 00:23:36.342Z",1.09183,1.09189
"exness","EURUSD","2023-06-21 00:23:36.351Z",1.09184,1.09191
"exness","EURUSD","2023-06-21 00:23:37.405Z",1.09185,1.0919
"exness","EURUSD","2023-06-21 00:23:42.947Z",1.09184,1.0919
"exness","EURUSD","2023-06-21 00:23:44.494Z",1.09183,1.0919
"exness","EURUSD","2023-06-21 00:23:45.522Z",1.09183,1.09189
"exness","EURUSD","2023-06-21 00:23:48.144Z",1.09183,1.0919
"exness","EURUSD","2023-06-21 00:23:49.810Z",1.09184,1.09191
"exness","EURUSD","2023-06-21 00:23:53.007Z",1.09184,1.0919
"exness","EURUSD","2023-06-21 00:23:54.345Z",1.09185,1.0919
"exness","EURUSD","2023-06-21 00:23:57.209Z",1.09184,1.0919
"exness","EURUSD","2023-06-21 00:23:58.391Z",1.09185,1.09191
"exness","EURUSD","2023-06-21 00:23:58.674Z",1.09186,1.09192
"exness","EURUSD","2023-06-21 00:23:58.763Z",1.09188,1.09194
"exness","EURUSD","2023-06-21 00:23:58.919Z",1.09189,1.09196
"exness","EURUSD","2023-06-21 00:23:59.013Z",1.09191,1.09196
"exness","EURUSD","2023-06-21 00:24:00.054Z",1.09191,1.0919699999999999
"exness","EURUSD","2023-06-21 00:24:01.205Z",1.0919,1.09196
"exness","EURUSD","2023-06-21 00:24:11.711Z",1.09189,1.09196
"exness","EURUSD","2023-06-21 00:24:12.909Z",1.0919,1.09196
"exness","EURUSD","2023-06-21 00:24:16.633Z",1.09189,1.09196
"exness","EURUSD","2023-06-21 00:24:18.160Z",1.0919,1.09196
"exness","EURUSD","2023-06-21 00:24:22.659Z",1.09189,1.09196
"exness","EURUSD","2023-06-21 00:24:27.312Z",1.0919,1.09196
"exness","EURUSD","2023-06-21 00:24:29.748Z",1.09189,1.09196
"exness","EURUSD","2023-06-21 00:24:30.220Z",1.09188,1.09194
"exness","EURUSD","2023-06-21 00:24:31.837Z",1.09187,1.09194
"exness","EURUSD","2023-06-21 00:24:33.579Z",1.09188,1.09194
"exness","EURUSD","2023-06-21 00:24:38.773Z",1.09189,1.09195
"exness","EURUSD","2023-06-21 00:24:41.055Z",1.09189,1.09194
"exness","EURUSD","2023-06-21 00:24:41.843Z",1.09188,1.09194
"exness","EURUSD","2023-06-21 00:24:42.249Z",1.09187,1.09192
"exness","EURUSD","2023-06-21 00:24:43.303Z",1.09188,1.09194
"exness","EURUSD","2023-06-21 00:24:44.304Z",1.09188,1.09193
"exness","EURUSD","2023-06-21 00:24:45.874Z",1.09187,1.09193
"exness","EURUSD","2023-06-21 00:24:47.028Z",1.09187,1.09192
"exness","EURUSD","2023-06-21 00:24:47.223Z",1.09187,1.09194
"exness","EURUSD","2023-06-21 00:24:47.550Z",1.09189,1.09194
"exness","EURUSD","2023-06-21 00:24:49.560Z",1.09188,1.09194
"exness","EURUSD","2023-06-21 00:24:49.953Z",1.09186,1.09193
"exness","EURUSD","2023-06-21 00:24:50.670Z",1.09185,1.09191
"exness","EURUSD","2023-06-21 00:24:51.159Z",1.09183,1.0919
"exness","EURUSD","2023-06-21 00:24:52.509Z",1.09184,1.09189
"exness","EURUSD","2023-06-21 00:24:53.962Z",1.09183,1.09188
"exness","EURUSD","2023-06-21 00:24:57.938Z",1.09182,1.09189
"exness","EURUSD","2023-06-21 00:25:01.404Z",1.09181,1.09187
"exness","EURUSD","2023-06-21 00:25:02.877Z",1.09181,1.09188
"exness","EURUSD","2023-06-21 00:25:03.855Z",1.0918,1.09186
"exness","EURUSD","2023-06-21 00:25:04.860Z",1.09178,1.09185
"exness","EURUSD","2023-06-21 00:25:06.498Z",1.09179,1.09184
"exness","EURUSD","2023-06-21 00:25:06.599Z",1.09177,1.09183
"exness","EURUSD","2023-06-21 00:25:06.674Z",1.09176,1.09182
"exness","EURUSD","2023-06-21 00:25:07.691Z",1.09174,1.09181
"exness","EURUSD","2023-06-21 00:25:08.007Z",1.09174,1.09179
"exness","EURUSD","2023-06-21 00:25:09.064Z",1.09173,1.09179
"exness","EURUSD","2023-06-21 00:25:10.063Z",1.09173,1.0918
"exness","EURUSD","2023-06-21 00:25:11.228Z",1.09174,1.0918
"exness","EURUSD","2023-06-21 00:25:17.070Z",1.09174,1.09181
"exness","EURUSD","2023-06-21 00:25:18.443Z",1.09175,1.09181
"exness","EURUSD","2023-06-21 00:25:22.075Z",1.09174,1.09181
"exness","EURUSD","2023-06-21 00:25:25.635Z",1.09174,1.0918
"exness","EURUSD","2023-06-21 00:25:27.003Z",1.09174,1.09179
"exness","EURUSD","2023-06-21 00:25:29.654Z",1.09174,1.0918
"exness","EURUSD","2023-06-21 00:25:40.604Z",1.09175,1.09181
"exness","EURUSD","2023-06-21 00:25:42.342Z",1.09175,1.09182
"exness","EURUSD","2023-06-21 00:25:44.923Z",1.09175,1.09181
"exness","EURUSD","2023-06-21 00:25:50.363Z",1.09176,1.09181
"exness","EURUSD","2023-06-21 00:25:51.509Z",1.09175,1.09181
"exness","EURUSD","2023-06-21 00:26:02.466Z",1.09174,1.0918
"exness","EURUSD","2023-06-21 00:26:07.376Z",1.09173,1.09179
"exness","EURUSD","2023-06-21 00:26:08.851Z",1.09172,1.09177
"exness","EURUSD","2023-06-21 00:26:11.027Z",1.09171,1.09177
"exness","EURUSD","2023-06-21 00:26:13.682Z",1.0917,1.09176
"exness","EURUSD","2023-06-21 00:26:15.190Z",1.09169,1.09175
"exness","EURUSD","2023-06-21 00:26:16.427Z",1.09169,1.09174
"exness","EURUSD","2023-06-21 00:26:16.443Z",1.09168,1.09174
"exness","EURUSD","2023-06-21 00:26:18.414Z",1.09168,1.09173
"exness","EURUSD","2023-06-21 00:26:23.657Z",1.09169,1.09175
"exness","EURUSD","2023-06-21 00:26:24.045Z",1.0917,1.09175
"exness","EURUSD","2023-06-21 00:26:25.207Z",1.0917,1.09176
"exness","EURUSD","2023-06-21 00:26:30.297Z",1.0917,1.09177
"exness","EURUSD","2023-06-21 00:26:31.109Z",1.09172,1.09178
"exness","EURUSD","2023-06-21 00:26:31.125Z",1.09173,1.09178
"exness","EURUSD","2023-06-21 00:26:36.026Z",1.09173,1.0918
"exness","EURUSD","2023-06-21 00:26:36.664Z",1.09175,1.09181
"exness","EURUSD","2023-06-21 00:26:37.228Z",1.09173,1.0918
"exness","EURUSD","2023-06-21 00:26:37.243Z",1.09172,1.09178
"exness","EURUSD","2023-06-21 00:26:37.754Z",1.09171,1.09176
"exness","EURUSD","2023-06-21 00:26:40.515Z",1.0917,1.09177
"exness","EURUSD","2023-06-21 00:26:41.574Z",1.0917,1.09176
"exness","EURUSD","2023-06-21 00:26:47.436Z",1.09168,1.09174
"exness","EURUSD","2023-06-21 00:26:48.442Z",1.09167,1.09174
"exness","EURUSD","2023-06-21 00:26:51.331Z",1.09167,1.09173
"exness","EURUSD","2023-06-21 00:26:52.551Z",1.09168,1.09174
"exness","EURUSD","2023-06-21 00:26:56.338Z",1.09168,1.09175
"exness","EURUSD","2023-06-21 00:27:00.249Z",1.09168,1.09174
"exness","EURUSD","2023-06-21 00:27:01.767Z",1.09166,1.09173
"exness","EURUSD","2023-06-21 00:27:02.181Z",1.09165,1.09171
"exness","EURUSD","2023-06-21 00:27:03.026Z",1.09164,1.09169
"exness","EURUSD","2023-06-21 00:27:04.304Z",1.09164,1.0917
"exness","EURUSD","2023-06-21 00:27:05.389Z",1.09163,1.09169
"exness","EURUSD","2023-06-21 00:27:05.441Z",1.09165,1.0917
"exness","EURUSD","2023-06-21 00:27:06.451Z",1.09164,1.09171
"exness","EURUSD","2023-06-21 00:27:09.938Z",1.09165,1.09172
"exness","EURUSD","2023-06-21 00:27:10.943Z",1.09166,1.09171
"exness","EURUSD","2023-06-21 00:27:13.510Z",1.09165,1.09172
"exness","EURUSD","2023-06-21 00:27:14.219Z",1.09164,1.0917
"exness","EURUSD","2023-06-21 00:27:18.926Z",1.09164,1.09169
"exness","EURUSD","2023-06-21 00:27:20.363Z",1.09165,1.09171
"exness","EURUSD","2023-06-21 00:27:20.418Z",1.09166,1.09173
"exness","EURUSD","2023-06-21 00:27:21.280Z",1.09168,1.09174
"exness","EURUSD","2023-06-21 00:27:22.249Z",1.09166,1.09172
"exness","EURUSD","2023-06-21 00:27:23.481Z",1.09164,1.09171
"exness","EURUSD","2023-06-21 00:27:24.511Z",1.09164,1.0917
"exness","EURUSD","2023-06-21 00:27:27.138Z",1.09162,1.09168
"exness","EURUSD","2023-06-21 00:27:28.156Z",1.09161,1.09167
"exness","EURUSD","2023-06-21 00:27:30.683Z",1.0916,1.09166
"exness","EURUSD","2023-06-21 00:27:31.856Z",1.09161,1.09166
"exness","EURUSD","2023-06-21 00:27:32.949Z",1.0916,1.09166
"exness","EURUSD","2023-06-21 00:27:38.123Z",1.09159,1.09166
"exness","EURUSD","2023-06-21 00:27:38.584Z",1.09161,1.09167
"exness","EURUSD","2023-06-21 00:27:39.677Z",1.09162,1.09167
"exness","EURUSD","2023-06-21 00:27:41.151Z",1.09161,1.09168
"exness","EURUSD","2023-06-21 00:27:45.417Z",1.09162,1.09168
"exness","EURUSD","2023-06-21 00:27:46.684Z",1.09161,1.09168
"exness","EURUSD","2023-06-21 00:27:52.008Z",1.09161,1.09167
"exness","EURUSD","2023-06-21 00:27:53.406Z",1.09162,1.09168
"exness","EURUSD","2023-06-21 00:27:54.577Z",1.09161,1.09168
"exness","EURUSD","2023-06-21 00:28:00.959Z",1.09161,1.09167
"exness","EURUSD","2023-06-21 00:28:03.889Z",1.09162,1.09167
"exness","EURUSD","2023-06-21 00:28:04.904Z",1.09161,1.09167
"exness","EURUSD","2023-06-21 00:28:06.340Z",1.09162,1.09167
"exness","EURUSD","2023-06-21 00:28:07.937Z",1.09163,1.09168
"exness","EURUSD","2023-06-21 00:28:08.947Z",1.09161,1.09167
"exness","EURUSD","2023-06-21 00:28:09.145Z",1.09159,1.09166
"exness","EURUSD","2023-06-21 00:28:10.606Z",1.09159,1.09165
"exness","EURUSD","2023-06-21 00:28:12.192Z",1.0916,1.09165
"exness","EURUSD","2023-06-21 00:28:13.226Z",1.09161,1.09166
"exness","EURUSD","2023-06-21 00:28:13.510Z",1.09161,1.09167
"exness","EURUSD","2023-06-21 00:28:14.355Z",1.09163,1.09168
"exness","EURUSD","2023-06-21 00:28:15.454Z",1.09164,1.09169
"exness","EURUSD","2023-06-21 00:28:15.970Z",1.09162,1.09169
"exness","EURUSD","2023-06-21 00:28:17.271Z",1.09162,1.09168
"exness","EURUSD","2023-06-21 00:28:18.397Z",1.09161,1.09167
"exness","EURUSD","2023-06-21 00:28:22.446Z",1.0916,1.09166
"exness","EURUSD","2023-06-21 00:28:23.681Z",1.0916,1.09165
"exness","EURUSD","2023-06-21 00:28:25.274Z",1.0916,1.09166
"exness","EURUSD","2023-06-21 00:28:26.283Z",1.09161,1.09166
"exness","EURUSD","2023-06-21 00:28:27.621Z",1.0916,1.09166
"exness","EURUSD","2023-06-21 00:28:28.757Z",1.09161,1.09168
"exness","EURUSD","2023-06-21 00:28:32.013Z",1.09162,1.09167
"exness","EURUSD","2023-06-21 00:28:35.108Z",1.09161,1.09167
"exness","EURUSD","2023-06-21 00:28:37.637Z",1.09161,1.09166
"exness","EURUSD","2023-06-21 00:28:41.791Z",1.0916,1.09165
"exness","EURUSD","2023-06-21 00:28:46.577Z",1.0916,1.09166
"exness","EURUSD","2023-06-21 00:28:51.729Z",1.09159,1.09165
"exness","EURUSD","2023-06-21 00:28:51.769Z",1.09157,1.09164
"exness","EURUSD","2023-06-21 00:28:52.033Z",1.09156,1.09162
"exness","EURUSD","2023-06-21 00:28:52.357Z",1.09155,1.0916
"exness","EURUSD","2023-06-21 00:28:53.532Z",1.09156,1.09161
"exness","EURUSD","2023-06-21 00:28:55.838Z",1.09155,1.09161
"exness","EURUSD","2023-06-21 00:29:02.214Z",1.09156,1.09163
"exness","EURUSD","2023-06-21 00:29:02.676Z",1.09158,1.09163
"exness","EURUSD","2023-06-21 00:29:02.745Z",1.09159,1.09165
"exness","EURUSD","2023-06-21 00:29:03.935Z",1.0916,1.09166
"exness","EURUSD","2023-06-21 00:29:05.000Z",1.09162,1.09167
"exness","EURUSD","2023-06-21 00:29:06.007Z",1.0916,1.09166
"exness","EURUSD","2023-06-21 00:29:07.485Z",1.0916,1.09167
"exness","EURUSD","2023-06-21 00:29:10.729Z",1.0916,1.09166
"exness","EURUSD","2023-06-21 00:29:40.361Z",1.09161,1.09167
"exness","EURUSD","2023-06-21 00:29:42.002Z",1.09161,1.09168
"exness","EURUSD","2023-06-21 00:29:43.468Z",1.09162,1.09167
"exness","EURUSD","2023-06-21 00:29:53.385Z",1.09161,1.09168
"exness","EURUSD","2023-06-21 00:29:54.452Z",1.0916,1.09167
"exness","EURUSD","2023-06-21 00:29:56.846Z",1.09161,1.09166
"exness","EURUSD","2023-06-21 00:29:59.304Z",1.09161,1.09167
"exness","EURUSD","2023-06-21 00:30:01.466Z",1.0916,1.09167
"exness","EURUSD","2023-06-21 00:30:02.821Z",1.09162,1.09168
"exness","EURUSD","2023-06-21 00:30:03.187Z",1.09164,1.09169
"exness","EURUSD","2023-06-21 00:30:04.109Z",1.09162,1.09168
"exness","EURUSD","2023-06-21 00:30:05.554Z",1.09163,1.09169
"exness","EURUSD","2023-06-21 00:30:08.886Z",1.09164,1.0917
"exness","EURUSD","2023-06-21 00:30:10.178Z",1.09165,1.0917
"exness","EURUSD","2023-06-21 00:30:12.718Z",1.09164,1.09171
"exness","EURUSD","2023-06-21 00:30:23.340Z",1.09164,1.09169
"exness","EURUSD","2023-06-21 00:30:28.742Z",1.09163,1.09168
"exness","EURUSD","2023-06-21 00:30:30.814Z",1.09162,1.09169
"exness","EURUSD","2023-06-21 00:30:30.888Z",1.09161,1.09167
"exness","EURUSD","2023-06-21 00:30:32.266Z",1.09161,1.09166
"exness","EURUSD","2023-06-21 00:30:32.773Z",1.09162,1.09168
"exness","EURUSD","2023-06-21 00:30:36.956Z",1.09162,1.09169
"exness","EURUSD","2023-06-21 00:30:38.019Z",1.09161,1.09167
"exness","EURUSD","2023-06-21 00:30:38.059Z",1.09159,1.09166
"exness","EURUSD","2023-06-21 00:30:39.330Z",1.09159,1.09165
"exness","EURUSD","2023-06-21 00:30:40.894Z",1.09158,1.09165
"exness","EURUSD","2023-06-21 00:30:42.679Z",1.0916,1.09166
"exness","EURUSD","2023-06-21 00:30:43.827Z",1.0916,1.09167
"exness","EURUSD","2023-06-21 00:30:44.565Z",1.0916,1.09165
"exness","EURUSD","2023-06-21 00:30:46.560Z",1.09159,1.09165
"exness","EURUSD","2023-06-21 00:31:02.352Z",1.0916,1.09166
"exness","EURUSD","2023-06-21 00:31:03.258Z",1.09162,1.09168
"exness","EURUSD","2023-06-21 00:31:04.334Z",1.09162,1.09167
"exness","EURUSD","2023-06-21 00:31:08.166Z",1.09161,1.09168
"exness","EURUSD","2023-06-21 00:31:10.885Z",1.09162,1.09168
"exness","EURUSD","2023-06-21 00:31:12.166Z",1.09162,1.09167
"exness","EURUSD","2023-06-21 00:31:19.906Z",1.09162,1.09168
"exness","EURUSD","2023-06-21 00:31:21.271Z",1.09161,1.09167
"exness","EURUSD","2023-06-21 00:31:24.871Z",1.09159,1.09165
"exness","EURUSD","2023-06-21 00:31:26.605Z",1.09158,1.09165
"exness","EURUSD","2023-06-21 00:31:27.680Z",1.09158,1.09164
"exness","EURUSD","2023-06-21 00:31:31.260Z",1.09156,1.09163
"exness","EURUSD","2023-06-21 00:31:32.648Z",1.09156,1.09162
"exness","EURUSD","2023-06-21 00:31:33.832Z",1.09155,1.09161
"exness","EURUSD","2023-06-21 00:31:34.890Z",1.09154,1.09161
"exness","EURUSD","2023-06-21 00:31:43.180Z",1.09155,1.09162
"exness","EURUSD","2023-06-21 00:31:44.186Z",1.09155,1.09161
"exness","EURUSD","2023-06-21 00:31:45.730Z",1.09155,1.09162
"exness","EURUSD","2023-06-21 00:31:45.894Z",1.09154,1.0916
"exness","EURUSD","2023-06-21 00:31:47.039Z",1.0915300000000001,1.0916
"exness","EURUSD","2023-06-21 00:31:48.954Z",1.0915300000000001,1.09159
"exness","EURUSD","2023-06-21 00:31:49.437Z",1.09155,1.0916
"exness","EURUSD","2023-06-21 00:31:50.525Z",1.09154,1.09159
"exness","EURUSD","2023-06-21 00:31:51.817Z",1.09154,1.0916
"exness","EURUSD","2023-06-21 00:31:53.999Z",1.0915300000000001,1.0916
"exness","EURUSD","2023-06-21 00:32:12.108Z",1.0915300000000001,1.09159
"exness","EURUSD","2023-06-21 00:32:12.615Z",1.09152,1.09158
"exness","EURUSD","2023-06-21 00:32:18.293Z",1.09152,1.09157
"exness","EURUSD","2023-06-21 00:32:19.388Z",1.09151,1.09158
"exness","EURUSD","2023-06-21 00:32:21.342Z",1.0915,1.09156
"exness","EURUSD","2023-06-21 00:32:26.612Z",1.09149,1.09155
"exness","EURUSD","2023-06-21 00:32:32.533Z",1.09148,1.09155
"exness","EURUSD","2023-06-21 00:32:33.375Z",1.09147,1.0915300000000001
"exness","EURUSD","2023-06-21 00:32:33.489Z",1.09145,1.09152
"exness","EURUSD","2023-06-21 00:32:34.164Z",1.09145,1.0915
"exness","EURUSD","2023-06-21 00:32:35.424Z",1.09145,1.09152
"exness","EURUSD","2023-06-21 00:32:36.618Z",1.09147,1.0915300000000001
"exness","EURUSD","2023-06-21 00:32:38.840Z",1.09147,1.09154
"exness","EURUSD","2023-06-21 00:32:40.011Z",1.09148,1.0915300000000001
"exness","EURUSD","2023-06-21 00:32:40.483Z",1.09149,1.09155
"exness","EURUSD","2023-06-21 00:32:41.495Z",1.0915,1.09156
"exness","EURUSD","2023-06-21 00:32:43.257Z",1.09151,1.09156
"exness","EURUSD","2023-06-21 00:32:48.015Z",1.0915,1.09156
"exness","EURUSD","2023-06-21 00:32:54.401Z",1.0915,1.09157
"exness","EURUSD","2023-06-21 00:33:00.904Z",1.09151,1.09157
"exness","EURUSD","2023-06-21 00:33:02.957Z",1.0915300000000001,1.09159
"exness","EURUSD","2023-06-21 00:33:03.550Z",1.09154,1.0916
"exness","EURUSD","2023-06-21 00:33:04.589Z",1.09155,1.09161
"exness","EURUSD","2023-06-21 00:33:04.726Z",1.0915300000000001,1.09159
"exness","EURUSD","2023-06-21 00:33:07.473Z",1.0915300000000001,1.09158
"exness","EURUSD","2023-06-21 00:33:09.873Z",1.0915300000000001,1.09159
"exness","EURUSD","2023-06-21 00:33:11.909Z",1.09154,1.0916
"exness","EURUSD","2023-06-21 00:33:15.417Z",1.09154,1.09159
"exness","EURUSD","2023-06-21 00:33:18.873Z",1.09154,1.0916
"exness","EURUSD","2023-06-21 00:33:23.741Z",1.09154,1.09159
"exness","EURUSD","2023-06-21 00:33:24.921Z",1.09154,1.0916
"exness","EURUSD","2023-06-21 00:33:38.864Z",1.09156,1.09162
"exness","EURUSD","2023-06-21 00:33:38.881Z",1.09157,1.09163
"exness","EURUSD","2023-06-21 00:33:38.929Z",1.09159,1.09165
"exness","EURUSD","2023-06-21 00:33:39.346Z",1.09161,1.09166
"exness","EURUSD","2023-06-21 00:33:41.591Z",1.0916,1.09166
"exness","EURUSD","2023-06-21 00:33:48.693Z",1.0916,1.09167
"exness","EURUSD","2023-06-21 00:33:48.774Z",1.09162,1.09168
"exness","EURUSD","2023-06-21 00:33:49.799Z",1.09163,1.09168
"exness","EURUSD","2023-06-21 00:33:52.301Z",1.09162,1.09168
"exness","EURUSD","2023-06-21 00:33:53.396Z",1.09161,1.09168
"exness","EURUSD","2023-06-21 00:33:54.594Z",1.09161,1.09167
"exness","EURUSD","2023-06-21 00:33:54.655Z",1.0916,1.09166
"exness","EURUSD","2023-06-21 00:33:57.465Z",1.09159,1.09165
"exness","EURUSD","2023-06-21 00:34:01.035Z",1.09159,1.09164
"exness","EURUSD","2023-06-21 00:34:03.423Z",1.09158,1.09164
"exness","EURUSD","2023-06-21 00:34:08.704Z",1.09156,1.09163
"exness","EURUSD","2023-06-21 00:34:09.347Z",1.09155,1.09161
"exness","EURUSD","2023-06-21 00:34:09.499Z",1.0915300000000001,1.0916
"exness","EURUSD","2023-06-21 00:34:09.550Z",1.09155,1.0916
"exness","EURUSD","2023-06-21 00:34:13.965Z",1.09156,1.09161
"exness","EURUSD","2023-06-21 00:34:15.777Z",1.09155,1.09161
"exness","EURUSD","2023-06-21 00:34:20.950Z",1.09154,1.0916
"exness","EURUSD","2023-06-21 00:34:22.655Z",1.09155,1.09161
"exness","EURUSD","2023-06-21 00:34:27.005Z",1.09154,1.0916
"exness","EURUSD","2023-06-21 00:34:30.425Z",1.09152,1.09159
"exness","EURUSD","2023-06-21 00:34:31.804Z",1.09152,1.09158
"exness","EURUSD","2023-06-21 00:34:32.335Z",1.09154,1.0916
"exness","EURUSD","2023-06-21 00:34:32.363Z",1.09155,1.09161
"exness","EURUSD","2023-06-21 00:34:33.524Z",1.09156,1.09161
"exness","EURUSD","2023-06-21 00:34:35.932Z",1.09156,1.09162
"exness","EURUSD","2023-06-21 00:34:37.401Z",1.09156,1.09163
"exness","EURUSD","2023-06-21 00:34:40.868Z",1.09157,1.09162
"exness","EURUSD","2023-06-21 00:34:42.209Z",1.09157,1.09163
"exness","EURUSD","2023-06-21 00:34:44.185Z",1.09158,1.09165
"exness","EURUSD","2023-06-21 00:34:46.175Z",1.0916,1.09165
"exness","EURUSD","2023-06-21 00:34:47.330Z",1.09159,1.09165
"exness","EURUSD","2023-06-21 00:34:51.081Z",1.09159,1.09164
"exness","EURUSD","2023-06-21 00:34:52.160Z",1.09159,1.09165
"exness","EURUSD","2023-06-21 00:34:53.312Z",1.09159,1.09166
"exness","EURUSD","2023-06-21 00:34:54.885Z",1.09161,1.09166
"exness","EURUSD","2023-06-21 00:34:55.867Z",1.09159,1.09166
"exness","EURUSD","2023-06-21 00:34:57.173Z",1.09159,1.09165
"exness","EURUSD","2023-06-21 00:34:57.603Z",1.09157,1.09163
"exness","EURUSD","2023-06-21 00:34:57.646Z",1.09156,1.09162
"exness","EURUSD","2023-06-21 00:34:58.709Z",1.09155,1.09162
"exness","EURUSD","2023-06-21 00:35:00.069Z",1.09156,1.09162
"exness","EURUSD","2023-06-21 00:35:03.254Z",1.09157,1.09163
"exness","EURUSD","2023-06-21 00:35:03.848Z",1.09156,1.09162
"exness","EURUSD","2023-06-21 00:35:05.656Z",1.09156,1.09161
"exness","EURUSD","2023-06-21 00:35:09.926Z",1.09155,1.09162
"exness","EURUSD","2023-06-21 00:35:16.823Z",1.09156,1.09162
"exness","EURUSD","2023-06-21 00:35:19.286Z",1.09156,1.09163
"exness","EURUSD","2023-06-21 00:35:21.238Z",1.09157,1.09163
"exness","EURUSD","2023-06-21 00:35:22.358Z",1.09156,1.09162
"exness","EURUSD","2023-06-21 00:35:26.963Z",1.09157,1.09164
"exness","EURUSD","2023-06-21 00:35:26.981Z",1.09159,1.09165
"exness","EURUSD","2023-06-21 00:35:28.277Z",1.0916,1.09167
"exness","EURUSD","2023-06-21 00:35:30.169Z",1.09161,1.09166
"exness","EURUSD","2023-06-21 00:35:31.700Z",1.09161,1.09168
"exness","EURUSD","2023-06-21 00:35:32.946Z",1.09163,1.09169
"exness","EURUSD","2023-06-21 00:35:35.906Z",1.09165,1.09171
"exness","EURUSD","2023-06-21 00:35:37.207Z",1.09166,1.09171
"exness","EURUSD","2023-06-21 00:35:37.468Z",1.09164,1.0917
"exness","EURUSD","2023-06-21 00:35:37.785Z",1.09164,1.09169
"exness","EURUSD","2023-06-21 00:35:38.894Z",1.09163,1.09169
"exness","EURUSD","2023-06-21 00:35:40.163Z",1.09163,1.0917
"exness","EURUSD","2023-06-21 00:35:41.375Z",1.09162,1.09168
"exness","EURUSD","2023-06-21 00:35:42.453Z",1.09163,1.09168
"exness","EURUSD","2023-06-21 00:35:43.594Z",1.09162,1.09168
"exness","EURUSD","2023-06-21 00:35:44.599Z",1.09162,1.09167
"exness","EURUSD","2023-06-21 00:35:47.086Z",1.09161,1.09168
"exness","EURUSD","2023-06-21 00:35:48.289Z",1.09162,1.09168
"exness","EURUSD","2023-06-21 00:35:51.631Z",1.09163,1.0917
"exness","EURUSD","2023-06-21 00:35:55.101Z",1.09164,1.09169
"exness","EURUSD","2023-06-21 00:36:02.360Z",1.09164,1.0917
"exness","EURUSD","2023-06-21 00:36:04.581Z",1.09163,1.0917
"exness","EURUSD","2023-06-21 00:36:06.969Z",1.09164,1.0917
"exness","EURUSD","2023-06-21 00:36:13.392Z",1.09162,1.09168
"exness","EURUSD","2023-06-21 00:36:17.590Z",1.09163,1.09168
"exness","EURUSD","2023-06-21 00:36:18.604Z",1.09163,1.09169
"exness","EURUSD","2023-06-21 00:36:23.062Z",1.09163,1.09168
"exness","EURUSD","2023-06-21 00:36:31.609Z",1.09161,1.09167
"exness","EURUSD","2023-06-21 00:36:31.961Z",1.09163,1.09168
"exness","EURUSD","2023-06-21 00:36:32.979Z",1.09162,1.09168
"exness","EURUSD","2023-06-21 00:36:37.454Z",1.09163,1.09169
"exness","EURUSD","2023-06-21 00:36:46.041Z",1.09164,1.0917
"exness","EURUSD","2023-06-21 00:36:46.112Z",1.09166,1.09172
"exness","EURUSD","2023-06-21 00:36:47.247Z",1.09167,1.09173
"exness","EURUSD","2023-06-21 00:36:50.079Z",1.09166,1.09173
"exness","EURUSD","2023-06-21 00:36:50.626Z",1.09166,1.09171
"exness","EURUSD","2023-06-21 00:36:52.719Z",1.09166,1.09172
"exness","EURUSD","2023-06-21 00:37:00.261Z",1.09165,1.09171
"exness","EURUSD","2023-06-21 00:37:01.408Z",1.09166,1.09172
"exness","EURUSD","2023-06-21 00:37:01.943Z",1.09164,1.0917
"exness","EURUSD","2023-06-21 00:37:02.121Z",1.09162,1.09169
"exness","EURUSD","2023-06-21 00:37:02.471Z",1.09162,1.09167
"exness","EURUSD","2023-06-21 00:37:05.693Z",1.09161,1.09168
"exness","EURUSD","2023-06-21 00:37:06.344Z",1.09163,1.09169
"exness","EURUSD","2023-06-21 00:37:07.402Z",1.09164,1.0917
"exness","EURUSD","2023-06-21 00:37:07.763Z",1.09164,1.09169
"exness","EURUSD","2023-06-21 00:37:09.822Z",1.09163,1.09169
"exness","EURUSD","2023-06-21 00:37:11.971Z",1.09165,1.09171
"exness","EURUSD","2023-06-21 00:37:12.568Z",1.09166,1.09172
"exness","EURUSD","2023-06-21 00:37:12.774Z",1.09168,1.09174
"exness","EURUSD","2023-06-21 00:37:12.853Z",1.09169,1.09176
"exness","EURUSD","2023-06-21 00:37:14.031Z",1.0917,1.09176
"exness","EURUSD","2023-06-21 00:37:15.031Z",1.09171,1.09176
"exness","EURUSD","2023-06-21 00:37:18.313Z",1.0917,1.09176
"exness","EURUSD","2023-06-21 00:37:35.951Z",1.0917,1.09177
"exness","EURUSD","2023-06-21 00:37:37.063Z",1.09171,1.09176
"exness","EURUSD","2023-06-21 00:37:38.474Z",1.09171,1.09177
"exness","EURUSD","2023-06-21 00:37:46.697Z",1.09171,1.09178
"exness","EURUSD","2023-06-21 00:37:50.618Z",1.09172,1.09179
"exness","EURUSD","2023-06-21 00:37:50.833Z",1.09174,1.0918
"exness","EURUSD","2023-06-21 00:37:53.243Z",1.09174,1.09179
"exness","EURUSD","2023-06-21 00:37:57.553Z",1.09175,1.09181
"exness","EURUSD","2023-06-21 00:37:58.964Z",1.09176,1.09182
"exness","EURUSD","2023-06-21 00:38:01.105Z",1.09176,1.09181
"exness","EURUSD","2023-06-21 00:38:01.420Z",1.09177,1.09183
"exness","EURUSD","2023-06-21 00:38:01.470Z",1.09179,1.09185
"exness","EURUSD","2023-06-21 00:38:02.893Z",1.09178,1.09184
"exness","EURUSD","2023-06-21 00:38:05.610Z",1.09178,1.09183
"exness","EURUSD","2023-06-21 00:38:09.742Z",1.09177,1.09184
"exness","EURUSD","2023-06-21 00:38:10.851Z",1.09176,1.09182
"exness","EURUSD","2023-06-21 00:38:11.167Z",1.09176,1.09181
"exness","EURUSD","2023-06-21 00:38:13.360Z",1.09174,1.09181
"exness","EURUSD","2023-06-21 00:38:14.879Z",1.09173,1.09179
"exness","EURUSD","2023-06-21 00:38:18.485Z",1.09172,1.09177
"exness","EURUSD","2023-06-21 00:38:18.505Z",1.0917,1.09177
"exness","EURUSD","2023-06-21 00:38:19.608Z",1.09171,1.09177
"exness","EURUSD","2023-06-21 00:38:20.609Z",1.09171,1.09178
"exness","EURUSD","2023-06-21 00:38:22.111Z",1.09172,1.09177
"exness","EURUSD","2023-06-21 00:38:23.141Z",1.09171,1.09177
"exness","EURUSD","2023-06-21 00:38:25.508Z",1.0917,1.09176
"exness","EURUSD","2023-06-21 00:38:27.831Z",1.09171,1.09176
"exness","EURUSD","2023-06-21 00:38:28.036Z",1.09172,1.09178
"exness","EURUSD","2023-06-21 00:38:28.409Z",1.09173,1.09179
"exness","EURUSD","2023-06-21 00:38:29.415Z",1.09174,1.09179
"exness","EURUSD","2023-06-21 00:38:30.491Z",1.09172,1.09178
"exness","EURUSD","2023-06-21 00:38:33.837Z",1.09171,1.09178
"exness","EURUSD","2023-06-21 00:38:38.448Z",1.0917,1.09177
"exness","EURUSD","2023-06-21 00:38:40.981Z",1.0917,1.09176
"exness","EURUSD","2023-06-21 00:38:42.850Z",1.09168,1.09175
"exness","EURUSD","2023-06-21 00:38:42.952Z",1.09167,1.09173
"exness","EURUSD","2023-06-21 00:38:43.995Z",1.09166,1.09172
"exness","EURUSD","2023-06-21 00:38:45.053Z",1.09165,1.09171
"exness","EURUSD","2023-06-21 00:38:45.439Z",1.09164,1.0917
"exness","EURUSD","2023-06-21 00:38:46.604Z",1.09162,1.09168
"exness","EURUSD","2023-06-21 00:38:46.786Z",1.09164,1.0917
"exness","EURUSD","2023-06-21 00:38:50.462Z",1.09164,1.09169
"exness","EURUSD","2023-06-21 00:38:51.906Z",1.09163,1.09168
"exness","EURUSD","2023-06-21 00:38:55.027Z",1.09162,1.09168
"exness","EURUSD","2023-06-21 00:38:56.205Z",1.09162,1.09167
"exness","EURUSD","2023-06-21 00:38:58.247Z",1.09162,1.09168
"exness","EURUSD","2023-06-21 00:39:02.597Z",1.09164,1.0917
"exness","EURUSD","2023-06-21 00:39:02.810Z",1.09166,1.09171
"exness","EURUSD","2023-06-21 00:39:04.602Z",1.09165,1.0917
"exness","EURUSD","2023-06-21 00:39:05.950Z",1.09165,1.09171
"exness","EURUSD","2023-06-21 00:39:07.183Z",1.09164,1.0917
"exness","EURUSD","2023-06-21 00:39:15.537Z",1.09163,1.09169
"exness","EURUSD","2023-06-21 00:39:16.563Z",1.09164,1.0917
"exness","EURUSD","2023-06-21 00:39:18.305Z",1.09164,1.09171
"exness","EURUSD","2023-06-21 00:39:19.503Z",1.09165,1.0917
"exness","EURUSD","2023-06-21 00:39:21.815Z",1.09164,1.0917
"exness","EURUSD","2023-06-21 00:39:25.085Z",1.09163,1.09169
"exness","EURUSD","2023-06-21 00:39:31.787Z",1.09164,1.09169
"exness","EURUSD","2023-06-21 00:39:32.798Z",1.09164,1.0917
"exness","EURUSD","2023-06-21 00:39:41.809Z",1.09164,1.09169
"exness","EURUSD","2023-06-21 00:39:44.124Z",1.09163,1.09169
"exness","EURUSD","2023-06-21 00:39:47.543Z",1.09162,1.09169
"exness","EURUSD","2023-06-21 00:39:48.552Z",1.09163,1.09169
"exness","EURUSD","2023-06-21 00:39:58.029Z",1.09163,1.09168
"exness","EURUSD","2023-06-21 00:40:00.380Z",1.09164,1.09169
"exness","EURUSD","2023-06-21 00:40:01.674Z",1.09163,1.09168
"exness","EURUSD","2023-06-21 00:40:02.691Z",1.09163,1.09169
"exness","EURUSD","2023-06-21 00:40:03.433Z",1.09164,1.09171
"exness","EURUSD","2023-06-21 00:40:07.493Z",1.09166,1.09172
"exness","EURUSD","2023-06-21 00:40:08.592Z",1.09165,1.09171
"exness","EURUSD","2023-06-21 00:40:12.119Z",1.09166,1.09172
"exness","EURUSD","2023-06-21 00:40:13.218Z",1.09166,1.09171
"exness","EURUSD","2023-06-21 00:40:22.146Z",1.09166,1.09172
"exness","EURUSD","2023-06-21 00:40:28.686Z",1.09165,1.09171
"exness","EURUSD","2023-06-21 00:40:30.331Z",1.09164,1.0917
"exness","EURUSD","2023-06-21 00:40:31.371Z",1.09163,1.09169
"exness","EURUSD","2023-06-21 00:40:35.684Z",1.09164,1.09171
"exness","EURUSD","2023-06-21 00:40:38.553Z",1.09165,1.0917
"exness","EURUSD","2023-06-21 00:40:41.097Z",1.09166,1.09172
"exness","EURUSD","2023-06-21 00:40:42.071Z",1.09167,1.09174
"exness","EURUSD","2023-06-21 00:40:43.161Z",1.09168,1.09174
"exness","EURUSD","2023-06-21 00:40:43.471Z",1.09167,1.09173
"exness","EURUSD","2023-06-21 00:40:43.748Z",1.09165,1.09171
"exness","EURUSD","2023-06-21 00:40:43.971Z",1.09164,1.0917
"exness","EURUSD","2023-06-21 00:40:44.746Z",1.09164,1.09169
"exness","EURUSD","2023-06-21 00:40:45.773Z",1.09163,1.0917
"exness","EURUSD","2023-06-21 00:40:46.828Z",1.09164,1.0917
"exness","EURUSD","2023-06-21 00:40:50.578Z",1.09164,1.09171
"exness","EURUSD","2023-06-21 00:40:54.996Z",1.09166,1.09171
"exness","EURUSD","2023-06-21 00:40:56.436Z",1.09166,1.09172
"exness","EURUSD","2023-06-21 00:40:56.636Z",1.09167,1.09173
"exness","EURUSD","2023-06-21 00:40:56.739Z",1.09169,1.09175
"exness","EURUSD","2023-06-21 00:40:57.933Z",1.0917,1.09176
"exness","EURUSD","2023-06-21 00:41:00.633Z",1.09171,1.09176
"exness","EURUSD","2023-06-21 00:41:04.062Z",1.0917,1.09177
"exness","EURUSD","2023-06-21 00:41:05.496Z",1.0917,1.09176
"exness","EURUSD","2023-06-21 00:41:13.019Z",1.09171,1.09177
"exness","EURUSD","2023-06-21 00:41:20.943Z",1.0917,1.09176
"exness","EURUSD","2023-06-21 00:41:24.821Z",1.09171,1.09177
"exness","EURUSD","2023-06-21 00:41:28.901Z",1.09171,1.09176
"exness","EURUSD","2023-06-21 00:41:30.977Z",1.09171,1.09177
"exness","EURUSD","2023-06-21 00:41:33.030Z",1.0917,1.09176
"exness","EURUSD","2023-06-21 00:42:08.684Z",1.09168,1.09175
"exness","EURUSD","2023-06-21 00:42:08.693Z",1.09167,1.09173
"exness","EURUSD","2023-06-21 00:42:09.391Z",1.09167,1.09172
"exness","EURUSD","2023-06-21 00:42:11.130Z",1.09166,1.09172
"exness","EURUSD","2023-06-21 00:42:16.047Z",1.09167,1.09173
"exness","EURUSD","2023-06-21 00:42:25.632Z",1.09168,1.09175
"exness","EURUSD","2023-06-21 00:42:25.849Z",1.0917,1.09175
"exness","EURUSD","2023-06-21 00:42:26.478Z",1.0917,1.09176
"exness","EURUSD","2023-06-21 00:42:30.987Z",1.09171,1.09177
"exness","EURUSD","2023-06-21 00:42:33.827Z",1.09171,1.09176
"exness","EURUSD","2023-06-21 00:42:35.956Z",1.09171,1.09177
"exness","EURUSD","2023-06-21 00:42:41.215Z",1.09171,1.09178
"exness","EURUSD","2023-06-21 00:42:43.320Z",1.09171,1.09177
"exness","EURUSD","2023-06-21 00:42:45.297Z",1.09169,1.09176
"exness","EURUSD","2023-06-21 00:42:50.812Z",1.09169,1.09175
"exness","EURUSD","2023-06-21 00:42:51.695Z",1.09171,1.09177
"exness","EURUSD","2023-06-21 00:42:51.771Z",1.09172,1.09178
"exness","EURUSD","2023-06-21 00:42:52.842Z",1.09173,1.09178
"exness","EURUSD","2023-06-21 00:42:54.285Z",1.09172,1.09178
"exness","EURUSD","2023-06-21 00:42:59.188Z",1.09171,1.09177
"exness","EURUSD","2023-06-21 00:43:00.991Z",1.0917,1.09176
"exness","EURUSD","2023-06-21 00:43:02.417Z",1.09171,1.09177
"exness","EURUSD","2023-06-21 00:43:03.361Z",1.09169,1.09175
"exness","EURUSD","2023-06-21 00:43:04.422Z",1.0917,1.09176
"exness","EURUSD","2023-06-21 00:43:05.748Z",1.0917,1.09177
"exness","EURUSD","2023-06-21 00:43:09.505Z",1.09171,1.09177
"exness","EURUSD","2023-06-21 00:43:13.385Z",1.09171,1.09176
"exness","EURUSD","2023-06-21 00:43:17.650Z",1.09172,1.09178
"exness","EURUSD","2023-06-21 00:43:18.667Z",1.09173,1.09178
"exness","EURUSD","2023-06-21 00:43:19.676Z",1.09172,1.09177
"exness","EURUSD","2023-06-21 00:43:24.047Z",1.09171,1.09178
"exness","EURUSD","2023-06-21 00:43:32.662Z",1.09173,1.09179
"exness","EURUSD","2023-06-21 00:43:33.824Z",1.09175,1.0918
"exness","EURUSD","2023-06-21 00:43:36.983Z",1.09175,1.09181
"exness","EURUSD","2023-06-21 00:43:38.052Z",1.09175,1.09182
"exness","EURUSD","2023-06-21 00:43:42.528Z",1.09176,1.09181
"exness","EURUSD","2023-06-21 00:43:45.458Z",1.09176,1.09182
"exness","EURUSD","2023-06-21 00:43:48.931Z",1.09175,1.09181
"exness","EURUSD","2023-06-21 00:43:58.825Z",1.09175,1.09182
"exness","EURUSD","2023-06-21 00:44:01.331Z",1.09174,1.0918
"exness","EURUSD","2023-06-21 00:44:04.701Z",1.09173,1.09179
"exness","EURUSD","2023-06-21 00:44:06.177Z",1.09172,1.09178
"exness","EURUSD","2023-06-21 00:44:09.077Z",1.09172,1.09177
"exness","EURUSD","2023-06-21 00:44:10.113Z",1.09171,1.09177
"exness","EURUSD","2023-06-21 00:44:16.839Z",1.09171,1.09178
"exness","EURUSD","2023-06-21 00:44:19.041Z",1.09172,1.09178
"exness","EURUSD","2023-06-21 00:44:22.243Z",1.09171,1.09177
"exness","EURUSD","2023-06-21 00:44:23.457Z",1.09171,1.09178
"exness","EURUSD","2023-06-21 00:44:27.117Z",1.09172,1.09178
"exness","EURUSD","2023-06-21 00:44:28.578Z",1.09171,1.09178
"exness","EURUSD","2023-06-21 00:44:30.287Z",1.09172,1.09177
"exness","EURUSD","2023-06-21 00:44:31.292Z",1.09171,1.09177
"exness","EURUSD","2023-06-21 00:44:33.827Z",1.09172,1.09177
"exness","EURUSD","2023-06-21 00:44:38.311Z",1.09172,1.09178
"exness","EURUSD","2023-06-21 00:44:38.946Z",1.09173,1.0918
"exness","EURUSD","2023-06-21 00:44:38.972Z",1.09175,1.09181
"exness","EURUSD","2023-06-21 00:44:41.194Z",1.09176,1.09181
"exness","EURUSD","2023-06-21 00:44:45.968Z",1.09175,1.09182
"exness","EURUSD","2023-06-21 00:44:48.275Z",1.09175,1.09181
"exness","EURUSD","2023-06-21 00:44:52.612Z",1.09174,1.0918
"exness","EURUSD","2023-06-21 00:44:52.888Z",1.09172,1.09178
"exness","EURUSD","2023-06-21 00:44:54.412Z",1.09171,1.09177
"exness","EURUSD","2023-06-21 00:44:55.635Z",1.09171,1.09176
"exness","EURUSD","2023-06-21 00:45:01.964Z",1.09169,1.09176
"exness","EURUSD","2023-06-21 00:45:02.025Z",1.09168,1.09174
"exness","EURUSD","2023-06-21 00:45:03.143Z",1.09167,1.09173
"exness","EURUSD","2023-06-21 00:45:04.234Z",1.09168,1.09173
"exness","EURUSD","2023-06-21 00:45:04.259Z",1.09166,1.09172
"exness","EURUSD","2023-06-21 00:45:05.485Z",1.09166,1.09173
"exness","EURUSD","2023-06-21 00:45:06.776Z",1.09168,1.09174
"exness","EURUSD","2023-06-21 00:45:08.082Z",1.09169,1.09175
"exness","EURUSD","2023-06-21 00:45:10.563Z",1.0917,1.09175
"exness","EURUSD","2023-06-21 00:45:14.393Z",1.0917,1.09176
"exness","EURUSD","2023-06-21 00:45:17.910Z",1.09171,1.09177
"exness","EURUSD","2023-06-21 00:45:25.099Z",1.09171,1.09176
"exness","EURUSD","2023-06-21 00:45:31.595Z",1.0917,1.09176
"exness","EURUSD","2023-06-21 00:45:40.676Z",1.09171,1.09176
"exness","EURUSD","2023-06-21 00:45:48.566Z",1.09169,1.09175
"exness","EURUSD","2023-06-21 00:45:56.897Z",1.0917,1.09175
"exness","EURUSD","2023-06-21 00:45:56.920Z",1.09169,1.09175
"exness","EURUSD","2023-06-21 00:46:01.584Z",1.09168,1.09175
"exness","EURUSD","2023-06-21 00:46:03.149Z",1.0917,1.09176
"exness","EURUSD","2023-06-21 00:46:05.581Z",1.09171,1.09176
"exness","EURUSD","2023-06-21 00:46:07.910Z",1.0917,1.09176
"exness","EURUSD","2023-06-21 00:46:08.661Z",1.09168,1.09175
"exness","EURUSD","2023-06-21 00:46:09.792Z",1.09167,1.09173
"exness","EURUSD","2023-06-21 00:46:10.884Z",1.09168,1.09173
"exness","EURUSD","2023-06-21 00:46:13.656Z",1.09167,1.09173
"exness","EURUSD","2023-06-21 00:46:15.951Z",1.09167,1.09174
"exness","EURUSD","2023-06-21 00:46:19.094Z",1.09168,1.09174
"exness","EURUSD","2023-06-21 00:46:20.392Z",1.09169,1.09175
"exness","EURUSD","2023-06-21 00:46:21.420Z",1.0917,1.09177
"exness","EURUSD","2023-06-21 00:46:22.456Z",1.09171,1.09176
"exness","EURUSD","2023-06-21 00:46:23.456Z",1.0917,1.09176
"exness","EURUSD","2023-06-21 00:46:24.513Z",1.09171,1.09177
"exness","EURUSD","2023-06-21 00:46:25.519Z",1.0917,1.09177
"exness","EURUSD","2023-06-21 00:46:27.885Z",1.0917,1.09176
"exness","EURUSD","2023-06-21 00:46:31.290Z",1.0917,1.09177
"exness","EURUSD","2023-06-21 00:46:32.343Z",1.09171,1.09177
"exness","EURUSD","2023-06-21 00:46:36.043Z",1.0917,1.09177
"exness","EURUSD","2023-06-21 00:46:45.892Z",1.09172,1.09178
"exness","EURUSD","2023-06-21 00:46:45.917Z",1.09174,1.0918
"exness","EURUSD","2023-06-21 00:46:45.959Z",1.09175,1.09181
"exness","EURUSD","2023-06-21 00:46:46.486Z",1.09177,1.09183
"exness","EURUSD","2023-06-21 00:46:47.809Z",1.09178,1.09183
"exness","EURUSD","2023-06-21 00:46:49.237Z",1.09177,1.09183
"exness","EURUSD","2023-06-21 00:46:52.127Z",1.09178,1.09184
"exness","EURUSD","2023-06-21 00:46:53.425Z",1.09178,1.09185
"exness","EURUSD","2023-06-21 00:46:53.757Z",1.0918,1.09186
"exness","EURUSD","2023-06-21 00:46:54.816Z",1.09181,1.09187
"exness","EURUSD","2023-06-21 00:47:01.630Z",1.09182,1.09188
"exness","EURUSD","2023-06-21 00:47:03.922Z",1.09183,1.09189
"exness","EURUSD","2023-06-21 00:47:06.857Z",1.09182,1.09189
"exness","EURUSD","2023-06-21 00:47:07.162Z",1.09181,1.09187
"exness","EURUSD","2023-06-21 00:47:08.338Z",1.0918,1.09187
"exness","EURUSD","2023-06-21 00:47:09.350Z",1.09181,1.09186
"exness","EURUSD","2023-06-21 00:47:11.974Z",1.09181,1.09187
"exness","EURUSD","2023-06-21 00:47:12.974Z",1.09182,1.09189
"exness","EURUSD","2023-06-21 00:47:17.166Z",1.09183,1.09189
"exness","EURUSD","2023-06-21 00:47:17.230Z",1.09181,1.09187
"exness","EURUSD","2023-06-21 00:47:17.399Z",1.09181,1.09186
"exness","EURUSD","2023-06-21 00:47:18.484Z",1.0918,1.09187
"exness","EURUSD","2023-06-21 00:47:19.858Z",1.09181,1.09187
"exness","EURUSD","2023-06-21 00:47:20.947Z",1.09182,1.09188
"exness","EURUSD","2023-06-21 00:47:24.713Z",1.0918,1.09186
"exness","EURUSD","2023-06-21 00:47:31.995Z",1.09179,1.09184
"exness","EURUSD","2023-06-21 00:47:32.483Z",1.09178,1.09184
"exness","EURUSD","2023-06-21 00:47:35.668Z",1.09177,1.09184
"exness","EURUSD","2023-06-21 00:47:40.752Z",1.09177,1.09183
"exness","EURUSD","2023-06-21 00:47:43.422Z",1.09178,1.09183
"exness","EURUSD","2023-06-21 00:47:44.434Z",1.09177,1.09182
"exness","EURUSD","2023-06-21 00:47:47.362Z",1.09177,1.09183
"exness","EURUSD","2023-06-21 00:47:47.448Z",1.09178,1.09185
"exness","EURUSD","2023-06-21 00:47:49.518Z",1.0918,1.09186
"exness","EURUSD","2023-06-21 00:47:52.004Z",1.09181,1.09187
"exness","EURUSD","2023-06-21 00:47:52.536Z",1.09179,1.09185
"exness","EURUSD","2023-06-21 00:47:53.037Z",1.09178,1.09184
"exness","EURUSD","2023-06-21 00:47:54.088Z",1.09177,1.09184
"exness","EURUSD","2023-06-21 00:47:55.135Z",1.09178,1.09183
"exness","EURUSD","2023-06-21 00:47:56.567Z",1.09176,1.09182
"exness","EURUSD","2023-06-21 00:47:56.585Z",1.09175,1.09181
"exness","EURUSD","2023-06-21 00:47:57.664Z",1.09173,1.09179
"exness","EURUSD","2023-06-21 00:48:00.036Z",1.09172,1.09178
"exness","EURUSD","2023-06-21 00:48:02.505Z",1.0917,1.09177
"exness","EURUSD","2023-06-21 00:48:02.554Z",1.09169,1.09175
"exness","EURUSD","2023-06-21 00:48:03.705Z",1.0917,1.09175
"exness","EURUSD","2023-06-21 00:48:04.721Z",1.0917,1.09176
"exness","EURUSD","2023-06-21 00:48:13.109Z",1.09172,1.09178
"exness","EURUSD","2023-06-21 00:48:13.164Z",1.09173,1.09179
"exness","EURUSD","2023-06-21 00:48:13.266Z",1.09175,1.09181
"exness","EURUSD","2023-06-21 00:48:19.786Z",1.09176,1.09182
"exness","EURUSD","2023-06-21 00:48:25.421Z",1.09175,1.0918
"exness","EURUSD","2023-06-21 00:48:26.422Z",1.09174,1.0918
"exness","EURUSD","2023-06-21 00:48:29.586Z",1.09174,1.09181
"exness","EURUSD","2023-06-21 00:48:29.634Z",1.09176,1.09182
"exness","EURUSD","2023-06-21 00:48:30.651Z",1.09177,1.09183
"exness","EURUSD","2023-06-21 00:48:31.667Z",1.09177,1.09182
"exness","EURUSD","2023-06-21 00:48:34.068Z",1.09177,1.09183
"exness","EURUSD","2023-06-21 00:48:35.290Z",1.09176,1.09182
"exness","EURUSD","2023-06-21 00:48:38.467Z",1.09176,1.09183
"exness","EURUSD","2023-06-21 00:48:39.579Z",1.09177,1.09183
"exness","EURUSD","2023-06-21 00:48:41.869Z",1.09179,1.09185
"exness","EURUSD","2023-06-21 00:48:44.264Z",1.09179,1.09186
"exness","EURUSD","2023-06-21 00:48:46.847Z",1.0918,1.09185
"exness","EURUSD","2023-06-21 00:48:52.905Z",1.0918,1.09186
"exness","EURUSD","2023-06-21 00:48:56.043Z",1.09181,1.09187
"exness","EURUSD","2023-06-21 00:48:58.920Z",1.09181,1.09186
"exness","EURUSD","2023-06-21 00:48:59.277Z",1.0918,1.09186
"exness","EURUSD","2023-06-21 00:49:00.295Z",1.0918,1.09185
"exness","EURUSD","2023-06-21 00:49:01.502Z",1.0918,1.09186
"exness","EURUSD","2023-06-21 00:49:02.900Z",1.09179,1.09185
"exness","EURUSD","2023-06-21 00:49:03.952Z",1.09178,1.09184
"exness","EURUSD","2023-06-21 00:49:07.585Z",1.09177,1.09184
"exness","EURUSD","2023-06-21 00:49:10.314Z",1.09178,1.09183
"exness","EURUSD","2023-06-21 00:49:11.082Z",1.09178,1.09185
"exness","EURUSD","2023-06-21 00:49:11.318Z",1.0918,1.09186
"exness","EURUSD","2023-06-21 00:49:12.488Z",1.0918,1.09187
"exness","EURUSD","2023-06-21 00:49:16.546Z",1.09181,1.09186
"exness","EURUSD","2023-06-21 00:49:19.386Z",1.09179,1.09186
"exness","EURUSD","2023-06-21 00:49:19.722Z",1.09178,1.09184
"exness","EURUSD","2023-06-21 00:49:26.026Z",1.09179,1.09184
"exness","EURUSD","2023-06-21 00:49:27.081Z",1.09178,1.09184
"exness","EURUSD","2023-06-21 00:49:30.231Z",1.09177,1.09183
"exness","EURUSD","2023-06-21 00:49:32.332Z",1.09177,1.09184
"exness","EURUSD","2023-06-21 00:49:33.637Z",1.09177,1.09183
"exness","EURUSD","2023-06-21 00:49:38.555Z",1.09176,1.09182
"exness","EURUSD","2023-06-21 00:49:39.708Z",1.09175,1.09182
"exness","EURUSD","2023-06-21 00:49:41.781Z",1.09175,1.09181
"exness","EURUSD","2023-06-21 00:49:44.155Z",1.09175,1.0918
"exness","EURUSD","2023-06-21 00:49:44.176Z",1.09173,1.09179
"exness","EURUSD","2023-06-21 00:49:45.701Z",1.09172,1.09178
"exness","EURUSD","2023-06-21 00:49:47.382Z",1.09171,1.09178
"exness","EURUSD","2023-06-21 00:49:50.701Z",1.09173,1.09178
"exness","EURUSD","2023-06-21 00:49:51.813Z",1.09172,1.09178
"exness","EURUSD","2023-06-21 00:49:55.446Z",1.09171,1.09177
"exness","EURUSD","2023-06-21 00:50:07.891Z",1.09172,1.09178
"exness","EURUSD","2023-06-21 00:50:08.897Z",1.09172,1.09179
"exness","EURUSD","2023-06-21 00:50:08.924Z",1.09174,1.0918
"exness","EURUSD","2023-06-21 00:50:10.162Z",1.09175,1.09182
"exness","EURUSD","2023-06-21 00:50:15.648Z",1.09176,1.09182
"exness","EURUSD","2023-06-21 00:50:16.704Z",1.09175,1.09182
"exness","EURUSD","2023-06-21 00:50:18.139Z",1.09175,1.09181
"exness","EURUSD","2023-06-21 00:50:19.104Z",1.09177,1.09182
"exness","EURUSD","2023-06-21 00:50:20.105Z",1.09176,1.09182
"exness","EURUSD","2023-06-21 00:50:21.280Z",1.09175,1.09181
"exness","EURUSD","2023-06-21 00:50:23.503Z",1.09176,1.09181
"exness","EURUSD","2023-06-21 00:50:24.699Z",1.09176,1.09182
"exness","EURUSD","2023-06-21 00:50:28.634Z",1.09176,1.09183
"exness","EURUSD","2023-06-21 00:50:32.313Z",1.09175,1.09181
"exness","EURUSD","2023-06-21 00:50:32.358Z",1.09173,1.0918
"exness","EURUSD","2023-06-21 00:50:32.983Z",1.09173,1.09178
"exness","EURUSD","2023-06-21 00:50:34.061Z",1.09172,1.09178
"exness","EURUSD","2023-06-21 00:50:36.158Z",1.09171,1.09178
"exness","EURUSD","2023-06-21 00:50:36.793Z",1.0917,1.09176
"exness","EURUSD","2023-06-21 00:50:37.807Z",1.09171,1.09176
"exness","EURUSD","2023-06-21 00:50:38.916Z",1.09171,1.09177
"exness","EURUSD","2023-06-21 00:50:40.080Z",1.0917,1.09177
"exness","EURUSD","2023-06-21 00:50:41.137Z",1.09171,1.09177
"exness","EURUSD","2023-06-21 00:50:42.248Z",1.09171,1.09178
"exness","EURUSD","2023-06-21 00:50:45.344Z",1.09171,1.09177
"exness","EURUSD","2023-06-21 00:50:47.500Z",1.09171,1.09176
"exness","EURUSD","2023-06-21 00:50:47.599Z",1.09172,1.09178
"exness","EURUSD","2023-06-21 00:50:48.815Z",1.09174,1.0918
"exness","EURUSD","2023-06-21 00:50:49.821Z",1.09173,1.09179
"exness","EURUSD","2023-06-21 00:50:50.857Z",1.09172,1.09178
"exness","EURUSD","2023-06-21 00:50:56.258Z",1.09173,1.0918
"exness","EURUSD","2023-06-21 00:50:57.653Z",1.09175,1.09181
"exness","EURUSD","2023-06-21 00:51:00.538Z",1.09174,1.0918
"exness","EURUSD","2023-06-21 00:51:00.915Z",1.09173,1.09178
"exness","EURUSD","2023-06-21 00:51:01.980Z",1.09172,1.09178
"exness","EURUSD","2023-06-21 00:51:04.720Z",1.09172,1.09179
"exness","EURUSD","2023-06-21 00:51:05.998Z",1.09172,1.09178
"exness","EURUSD","2023-06-21 00:51:12.996Z",1.09171,1.09178
"exness","EURUSD","2023-06-21 00:51:14.259Z",1.09172,1.09178
"exness","EURUSD","2023-06-21 00:51:15.299Z",1.09171,1.09177
"exness","EURUSD","2023-06-21 00:51:16.986Z",1.0917,1.09177
"exness","EURUSD","2023-06-21 00:51:18.379Z",1.09172,1.09178
"exness","EURUSD","2023-06-21 00:51:19.528Z",1.09173,1.09179
"exness","EURUSD","2023-06-21 00:51:21.121Z",1.09175,1.09181
"exness","EURUSD","2023-06-21 00:51:23.317Z",1.09176,1.09182
"exness","EURUSD","2023-06-21 00:51:23.595Z",1.09176,1.09181
"exness","EURUSD","2023-06-21 00:51:26.940Z",1.09175,1.09181
"exness","EURUSD","2023-06-21 00:51:30.767Z",1.09173,1.0918
"exness","EURUSD","2023-06-21 00:51:32.968Z",1.09174,1.0918
"exness","EURUSD","2023-06-21 00:51:35.300Z",1.09173,1.09179
"exness","EURUSD","2023-06-21 00:51:37.422Z",1.09172,1.09178
"exness","EURUSD","2023-06-21 00:51:38.431Z",1.09172,1.09177
"exness","EURUSD","2023-06-21 00:51:39.530Z",1.09173,1.09178
"exness","EURUSD","2023-06-21 00:51:40.894Z",1.09172,1.09178
"exness","EURUSD","2023-06-21 00:51:46.726Z",1.09171,1.09178
"exness","EURUSD","2023-06-21 00:51:54.989Z",1.09171,1.09177
"exness","EURUSD","2023-06-21 00:51:55.956Z",1.0917,1.09176
"exness","EURUSD","2023-06-21 00:51:57.074Z",1.09171,1.09177
"exness","EURUSD","2023-06-21 00:51:58.352Z",1.09172,1.09177
"exness","EURUSD","2023-06-21 00:52:00.133Z",1.0917,1.09176
"exness","EURUSD","2023-06-21 00:52:00.164Z",1.09169,1.09175
"exness","EURUSD","2023-06-21 00:52:00.319Z",1.09167,1.09173
"exness","EURUSD","2023-06-21 00:52:00.439Z",1.09167,1.09172
"exness","EURUSD","2023-06-21 00:52:01.051Z",1.09165,1.09171
"exness","EURUSD","2023-06-21 00:52:02.074Z",1.09165,1.0917
"exness","EURUSD","2023-06-21 00:52:02.745Z",1.09163,1.0917
"exness","EURUSD","2023-06-21 00:52:02.925Z",1.09162,1.09168
"exness","EURUSD","2023-06-21 00:52:04.009Z",1.09162,1.09167
"exness","EURUSD","2023-06-21 00:52:05.555Z",1.09161,1.09168
"exness","EURUSD","2023-06-21 00:52:09.170Z",1.09161,1.09167
"exness","EURUSD","2023-06-21 00:52:12.939Z",1.09159,1.09165
"exness","EURUSD","2023-06-21 00:52:17.324Z",1.0916,1.09165
"exness","EURUSD","2023-06-21 00:52:19.029Z",1.09159,1.09164
"exness","EURUSD","2023-06-21 00:52:19.271Z",1.09158,1.09164
"exness","EURUSD","2023-06-21 00:52:19.329Z",1.09156,1.09163
"exness","EURUSD","2023-06-21 00:52:19.358Z",1.09155,1.09161
"exness","EURUSD","2023-06-21 00:52:19.642Z",1.09154,1.09159
"exness","EURUSD","2023-06-21 00:52:20.648Z",1.09154,1.0916
"exness","EURUSD","2023-06-21 00:52:21.765Z",1.09154,1.09161
"exness","EURUSD","2023-06-21 00:52:22.765Z",1.09155,1.09161
"exness","EURUSD","2023-06-21 00:52:23.259Z",1.09156,1.09163
"exness","EURUSD","2023-06-21 00:52:24.507Z",1.09157,1.09162
"exness","EURUSD","2023-06-21 00:52:25.521Z",1.09157,1.09163
"exness","EURUSD","2023-06-21 00:52:29.528Z",1.09156,1.09162
"exness","EURUSD","2023-06-21 00:52:39.956Z",1.09157,1.09163
"exness","EURUSD","2023-06-21 00:52:40.220Z",1.09158,1.09164
"exness","EURUSD","2023-06-21 00:52:40.224Z",1.0916,1.09166
"exness","EURUSD","2023-06-21 00:52:40.309Z",1.09161,1.09168
"exness","EURUSD","2023-06-21 00:52:40.363Z",1.09163,1.09168
"exness","EURUSD","2023-06-21 00:52:40.598Z",1.09163,1.0917
"exness","EURUSD","2023-06-21 00:52:41.530Z",1.09162,1.09168
"exness","EURUSD","2023-06-21 00:52:41.661Z",1.0916,1.09166
"exness","EURUSD","2023-06-21 00:52:41.688Z",1.09159,1.09165
"exness","EURUSD","2023-06-21 00:52:41.891Z",1.09157,1.09163
"exness","EURUSD","2023-06-21 00:52:41.920Z",1.09157,1.09162
"exness","EURUSD","2023-06-21 00:52:42.930Z",1.09157,1.09163
"exness","EURUSD","2023-06-21 00:52:43.941Z",1.09157,1.09164
"exness","EURUSD","2023-06-21 00:52:44.983Z",1.09158,1.09164
"exness","EURUSD","2023-06-21 00:52:45.992Z",1.09157,1.09164
"exness","EURUSD","2023-06-21 00:52:47.151Z",1.09157,1.09163
"exness","EURUSD","2023-06-21 00:52:54.680Z",1.09158,1.09165
"exness","EURUSD","2023-06-21 00:52:56.084Z",1.09159,1.09164
"exness","EURUSD","2023-06-21 00:52:57.280Z",1.09159,1.09165
"exness","EURUSD","2023-06-21 00:52:58.858Z",1.0916,1.09167
"exness","EURUSD","2023-06-21 00:52:59.418Z",1.09162,1.09167
"exness","EURUSD","2023-06-21 00:52:59.878Z",1.09161,1.09167
"exness","EURUSD","2023-06-21 00:53:01.038Z",1.0916,1.09166
"exness","EURUSD","2023-06-21 00:53:02.095Z",1.09159,1.09166
"exness","EURUSD","2023-06-21 00:53:04.224Z",1.09159,1.09165
"exness","EURUSD","2023-06-21 00:53:05.519Z",1.0916,1.09165
"exness","EURUSD","2023-06-21 00:53:06.155Z",1.09158,1.09164
"exness","EURUSD","2023-06-21 00:53:10.614Z",1.09158,1.09165
"exness","EURUSD","2023-06-21 00:53:11.689Z",1.09159,1.09164
"exness","EURUSD","2023-06-21 00:53:12.986Z",1.09158,1.09165
"exness","EURUSD","2023-06-21 00:53:15.284Z",1.09158,1.09164
"exness","EURUSD","2023-06-21 00:53:18.776Z",1.09158,1.09165
"exness","EURUSD","2023-06-21 00:53:18.814Z",1.0916,1.09166
"exness","EURUSD","2023-06-21 00:53:18.938Z",1.09161,1.09168
"exness","EURUSD","2023-06-21 00:53:21.065Z",1.09161,1.09167
"exness","EURUSD","2023-06-21 00:53:22.462Z",1.0916,1.09165
"exness","EURUSD","2023-06-21 00:53:25.661Z",1.09159,1.09166
"exness","EURUSD","2023-06-21 00:53:30.731Z",1.09159,1.09165
"exness","EURUSD","2023-06-21 00:53:36.493Z",1.0916,1.09165
"exness","EURUSD","2023-06-21 00:53:37.554Z",1.09159,1.09166
"exness","EURUSD","2023-06-21 00:53:38.653Z",1.09159,1.09165
"exness","EURUSD","2023-06-21 00:53:39.668Z",1.0916,1.09166
"exness","EURUSD","2023-06-21 00:53:41.710Z",1.09159,1.09165
"exness","EURUSD","2023-06-21 00:53:43.358Z",1.09158,1.09164
"exness","EURUSD","2023-06-21 00:53:46.263Z",1.0916,1.09166
"exness","EURUSD","2023-06-21 00:53:47.264Z",1.0916,1.09165
"exness","EURUSD","2023-06-21 00:53:50.772Z",1.09159,1.09165
"exness","EURUSD","2023-06-21 00:53:53.013Z",1.09158,1.09164
"exness","EURUSD","2023-06-21 00:53:53.092Z",1.09156,1.09163
"exness","EURUSD","2023-06-21 00:53:53.284Z",1.09155,1.09161
"exness","EURUSD","2023-06-21 00:53:53.584Z",1.09154,1.09159
"exness","EURUSD","2023-06-21 00:53:53.889Z",1.09152,1.09159
"exness","EURUSD","2023-06-21 00:53:54.909Z",1.09152,1.09158
"exness","EURUSD","2023-06-21 00:53:58.744Z",1.09152,1.09157
"exness","EURUSD","2023-06-21 00:54:00.016Z",1.09151,1.09157
"exness","EURUSD","2023-06-21 00:54:02.304Z",1.0915,1.09157
"exness","EURUSD","2023-06-21 00:54:03.375Z",1.0915,1.09156
"exness","EURUSD","2023-06-21 00:54:04.531Z",1.09149,1.09156
"exness","EURUSD","2023-06-21 00:54:06.422Z",1.09149,1.09155
"exness","EURUSD","2023-06-21 00:54:09.182Z",1.0915,1.09156
"exness","EURUSD","2023-06-21 00:54:15.597Z",1.0915,1.09155
"exness","EURUSD","2023-06-21 00:54:16.693Z",1.0915,1.09156
"exness","EURUSD","2023-06-21 00:54:17.018Z",1.09151,1.09158
"exness","EURUSD","2023-06-21 00:54:18.160Z",1.09152,1.09158
"exness","EURUSD","2023-06-21 00:54:19.095Z",1.09152,1.09157
"exness","EURUSD","2023-06-21 00:54:20.160Z",1.09151,1.09157
"exness","EURUSD","2023-06-21 00:54:21.667Z",1.09151,1.09156
"exness","EURUSD","2023-06-21 00:54:22.700Z",1.0915,1.09156
"exness","EURUSD","2023-06-21 00:54:23.195Z",1.0915,1.09155
"exness","EURUSD","2023-06-21 00:54:24.207Z",1.0915,1.09156
"exness","EURUSD","2023-06-21 00:54:25.218Z",1.09151,1.09156
"exness","EURUSD","2023-06-21 00:54:26.242Z",1.0915,1.09156
"exness","EURUSD","2023-06-21 00:54:29.673Z",1.09151,1.09157
"exness","EURUSD","2023-06-21 00:54:30.194Z",1.0915300000000001,1.09158
"exness","EURUSD","2023-06-21 00:54:30.907Z",1.0915300000000001,1.09159
"exness","EURUSD","2023-06-21 00:54:31.656Z",1.09155,1.0916
"exness","EURUSD","2023-06-21 00:54:32.681Z",1.09154,1.0916
"exness","EURUSD","2023-06-21 00:54:32.775Z",1.09156,1.09162
"exness","EURUSD","2023-06-21 00:54:33.158Z",1.09157,1.09163
"exness","EURUSD","2023-06-21 00:54:33.197Z",1.09159,1.09165
"exness","EURUSD","2023-06-21 00:54:34.164Z",1.0916,1.09166
"exness","EURUSD","2023-06-21 00:54:35.322Z",1.09162,1.09168
"exness","EURUSD","2023-06-21 00:54:36.166Z",1.09163,1.09169
"exness","EURUSD","2023-06-21 00:54:36.287Z",1.09165,1.09171
"exness","EURUSD","2023-06-21 00:54:36.873Z",1.09166,1.09171
"exness","EURUSD","2023-06-21 00:54:37.814Z",1.09164,1.09171
"exness","EURUSD","2023-06-21 00:54:38.827Z",1.09165,1.0917
"exness","EURUSD","2023-06-21 00:54:39.492Z",1.09165,1.09172
"exness","EURUSD","2023-06-21 00:54:40.163Z",1.09167,1.09173
"exness","EURUSD","2023-06-21 00:54:41.227Z",1.09167,1.09174
"exness","EURUSD","2023-06-21 00:54:42.249Z",1.09169,1.09175
"exness","EURUSD","2023-06-21 00:54:42.363Z",1.09171,1.09177
"exness","EURUSD","2023-06-21 00:54:42.388Z",1.09172,1.09178
"exness","EURUSD","2023-06-21 00:54:43.461Z",1.09174,1.0918
"exness","EURUSD","2023-06-21 00:54:44.806Z",1.09174,1.09179
"exness","EURUSD","2023-06-21 00:54:45.203Z",1.09175,1.09181
"exness","EURUSD","2023-06-21 00:54:45.243Z",1.09176,1.09183
"exness","EURUSD","2023-06-21 00:54:45.911Z",1.09178,1.09183
"exness","EURUSD","2023-06-21 00:54:45.938Z",1.09177,1.09183
"exness","EURUSD","2023-06-21 00:54:45.994Z",1.09175,1.09181
"exness","EURUSD","2023-06-21 00:54:46.318Z",1.09177,1.09182
"exness","EURUSD","2023-06-21 00:54:46.472Z",1.09177,1.09183
"exness","EURUSD","2023-06-21 00:54:47.504Z",1.09178,1.09184
"exness","EURUSD","2023-06-21 00:54:48.173Z",1.09179,1.09184
"exness","EURUSD","2023-06-21 00:54:48.556Z",1.09177,1.09183
"exness","EURUSD","2023-06-21 00:54:48.576Z",1.09176,1.09182
"exness","EURUSD","2023-06-21 00:54:48.841Z",1.09175,1.0918
"exness","EURUSD","2023-06-21 00:54:49.190Z",1.09176,1.09182
"exness","EURUSD","2023-06-21 00:54:49.204Z",1.09177,1.09183
"exness","EURUSD","2023-06-21 00:54:49.255Z",1.09179,1.09184
"exness","EURUSD","2023-06-21 00:54:49.336Z",1.09177,1.09183
"exness","EURUSD","2023-06-21 00:54:49.629Z",1.09177,1.09182
"exness","EURUSD","2023-06-21 00:54:49.673Z",1.09175,1.09181
"exness","EURUSD","2023-06-21 00:54:51.049Z",1.09174,1.0918
"exness","EURUSD","2023-06-21 00:54:52.146Z",1.09174,1.09179
"exness","EURUSD","2023-06-21 00:54:53.344Z",1.09174,1.0918
"exness","EURUSD","2023-06-21 00:54:54.174Z",1.09176,1.09182
"exness","EURUSD","2023-06-21 00:54:54.189Z",1.09177,1.09183
"exness","EURUSD","2023-06-21 00:54:55.144Z",1.09179,1.09185
"exness","EURUSD","2023-06-21 00:54:56.286Z",1.0918,1.09185
"exness","EURUSD","2023-06-21 00:54:57.075Z",1.09178,1.09184
"exness","EURUSD","2023-06-21 00:54:58.148Z",1.09179,1.09185
"exness","EURUSD","2023-06-21 00:54:58.174Z",1.0918,1.09185
"exness","EURUSD","2023-06-21 00:54:58.274Z",1.09179,1.09185
"exness","EURUSD","2023-06-21 00:54:58.322Z",1.09177,1.09183
"exness","EURUSD","2023-06-21 00:54:59.504Z",1.09176,1.09182
"exness","EURUSD","2023-06-21 00:54:59.783Z",1.09174,1.0918
"exness","EURUSD","2023-06-21 00:54:59.807Z",1.09173,1.09179
"exness","EURUSD","2023-06-21 00:54:59.810Z",1.09171,1.09177
"exness","EURUSD","2023-06-21 00:55:00.125Z",1.09173,1.09179
"exness","EURUSD","2023-06-21 00:55:00.134Z",1.09174,1.0918
"exness","EURUSD","2023-06-21 00:55:00.137Z",1.09176,1.09183
"exness","EURUSD","2023-06-21 00:55:00.140Z",1.09178,1.09184
"exness","EURUSD","2023-06-21 00:55:00.168Z",1.09179,1.09186
"exness","EURUSD","2023-06-21 00:55:00.173Z",1.09181,1.09188
"exness","EURUSD","2023-06-21 00:55:00.237Z",1.09183,1.09189
"exness","EURUSD","2023-06-21 00:55:00.312Z",1.09181,1.09188
"exness","EURUSD","2023-06-21 00:55:00.321Z",1.0918,1.09186
"exness","EURUSD","2023-06-21 00:55:00.363Z",1.09178,1.09185
"exness","EURUSD","2023-06-21 00:55:00.392Z",1.09177,1.09183
"exness","EURUSD","2023-06-21 00:55:01.521Z",1.09178,1.09185
"exness","EURUSD","2023-06-21 00:55:01.530Z",1.0918,1.09186
"exness","EURUSD","2023-06-21 00:55:01.546Z",1.09182,1.09188
"exness","EURUSD","2023-06-21 00:55:01.553Z",1.09183,1.0919
"exness","EURUSD","2023-06-21 00:55:01.571Z",1.09185,1.09191
"exness","EURUSD","2023-06-21 00:55:01.594Z",1.09187,1.09193
"exness","EURUSD","2023-06-21 00:55:01.657Z",1.09188,1.09194
"exness","EURUSD","2023-06-21 00:55:02.071Z",1.09188,1.09193
"exness","EURUSD","2023-06-21 00:55:02.661Z",1.09186,1.09193
"exness","EURUSD","2023-06-21 00:55:02.711Z",1.09185,1.09191
"exness","EURUSD","2023-06-21 00:55:02.784Z",1.09183,1.09189
"exness","EURUSD","2023-06-21 00:55:05.580Z",1.09184,1.09191
"exness","EURUSD","2023-06-21 00:55:06.581Z",1.09183,1.0919
"exness","EURUSD","2023-06-21 00:55:07.602Z",1.09183,1.09189
"exness","EURUSD","2023-06-21 00:55:08.844Z",1.09184,1.0919
"exness","EURUSD","2023-06-21 00:55:12.210Z",1.09184,1.09189
"exness","EURUSD","2023-06-21 00:55:12.531Z",1.09185,1.09191
"exness","EURUSD","2023-06-21 00:55:12.536Z",1.09186,1.09193
"exness","EURUSD","2023-06-21 00:55:12.547Z",1.09188,1.09194
"exness","EURUSD","2023-06-21 00:55:12.578Z",1.0919,1.09196
"exness","EURUSD","2023-06-21 00:55:12.726Z",1.09188,1.09194
"exness","EURUSD","2023-06-21 00:55:14.881Z",1.09188,1.09195
"exness","EURUSD","2023-06-21 00:55:15.895Z",1.09187,1.09193
"exness","EURUSD","2023-06-21 00:55:15.918Z",1.09185,1.09192
"exness","EURUSD","2023-06-21 00:55:15.925Z",1.09184,1.0919
"exness","EURUSD","2023-06-21 00:55:15.999Z",1.09182,1.09189
"exness","EURUSD","2023-06-21 00:55:16.674Z",1.09182,1.09187
"exness","EURUSD","2023-06-21 00:55:24.137Z",1.0918,1.09187
"exness","EURUSD","2023-06-21 00:55:26.487Z",1.09179,1.09185
"exness","EURUSD","2023-06-21 00:55:27.164Z",1.09181,1.09187
"exness","EURUSD","2023-06-21 00:55:30.109Z",1.09179,1.09185
"exness","EURUSD","2023-06-21 00:55:30.125Z",1.09177,1.09184
"exness","EURUSD","2023-06-21 00:55:30.337Z",1.09179,1.09184
"exness","EURUSD","2023-06-21 00:55:32.742Z",1.09179,1.09186
"exness","EURUSD","2023-06-21 00:55:33.107Z",1.09181,1.09187
"exness","EURUSD","2023-06-21 00:55:34.141Z",1.09181,1.09188
"exness","EURUSD","2023-06-21 00:55:35.148Z",1.09181,1.09187
"exness","EURUSD","2023-06-21 00:55:37.763Z",1.09183,1.09189
"exness","EURUSD","2023-06-21 00:55:37.780Z",1.09184,1.0919
"exness","EURUSD","2023-06-21 00:55:37.841Z",1.09186,1.09192
"exness","EURUSD","2023-06-21 00:55:39.986Z",1.09185,1.09192
"exness","EURUSD","2023-06-21 00:55:40.990Z",1.09186,1.09192
"exness","EURUSD","2023-06-21 00:55:44.254Z",1.09185,1.09192
"exness","EURUSD","2023-06-21 00:55:46.928Z",1.09186,1.09192
"exness","EURUSD","2023-06-21 00:55:49.186Z",1.09185,1.09191
"exness","EURUSD","2023-06-21 00:55:50.207Z",1.09185,1.0919
"exness","EURUSD","2023-06-21 00:55:51.294Z",1.09185,1.09191
"exness","EURUSD","2023-06-21 00:55:54.571Z",1.09186,1.09191
"exness","EURUSD","2023-06-21 00:55:56.640Z",1.09185,1.09192
"exness","EURUSD","2023-06-21 00:55:58.704Z",1.09186,1.09192
"exness","EURUSD","2023-06-21 00:56:00.040Z",1.09186,1.09191
"exness","EURUSD","2023-06-21 00:56:01.584Z",1.09185,1.09192
"exness","EURUSD","2023-06-21 00:56:02.593Z",1.09186,1.09192
"exness","EURUSD","2023-06-21 00:56:02.621Z",1.09184,1.09191
"exness","EURUSD","2023-06-21 00:56:02.696Z",1.09183,1.09189
"exness","EURUSD","2023-06-21 00:56:03.719Z",1.09182,1.09189
"exness","EURUSD","2023-06-21 00:56:04.774Z",1.09182,1.09188
"exness","EURUSD","2023-06-21 00:56:07.229Z",1.09183,1.09188
"exness","EURUSD","2023-06-21 00:56:07.683Z",1.09181,1.09187
"exness","EURUSD","2023-06-21 00:56:08.676Z",1.09182,1.09187
"exness","EURUSD","2023-06-21 00:56:12.302Z",1.0918,1.09187
"exness","EURUSD","2023-06-21 00:56:13.477Z",1.09179,1.09185
"exness","EURUSD","2023-06-21 00:56:14.483Z",1.0918,1.09186
"exness","EURUSD","2023-06-21 00:56:15.548Z",1.09181,1.09186
"exness","EURUSD","2023-06-21 00:56:18.139Z",1.09179,1.09185
"exness","EURUSD","2023-06-21 00:56:19.317Z",1.0918,1.09187
"exness","EURUSD","2023-06-21 00:56:19.344Z",1.09182,1.09188
"exness","EURUSD","2023-06-21 00:56:19.356Z",1.09184,1.0919
"exness","EURUSD","2023-06-21 00:56:20.431Z",1.09183,1.0919
"exness","EURUSD","2023-06-21 00:56:22.469Z",1.09184,1.0919
"exness","EURUSD","2023-06-21 00:56:25.647Z",1.09182,1.09189
"exness","EURUSD","2023-06-21 00:56:26.502Z",1.09181,1.09187
"exness","EURUSD","2023-06-21 00:56:27.569Z",1.09181,1.09186
"exness","EURUSD","2023-06-21 00:56:30.045Z",1.09181,1.09187
"exness","EURUSD","2023-06-21 00:56:32.485Z",1.09179,1.09186
"exness","EURUSD","2023-06-21 00:56:32.513Z",1.09181,1.09187
"exness","EURUSD","2023-06-21 00:56:38.419Z",1.09179,1.09186
"exness","EURUSD","2023-06-21 00:56:39.264Z",1.09178,1.09184
"exness","EURUSD","2023-06-21 00:56:39.295Z",1.09176,1.09182
"exness","EURUSD","2023-06-21 00:56:39.312Z",1.09175,1.09181
"exness","EURUSD","2023-06-21 00:56:39.480Z",1.09174,1.09179
"exness","EURUSD","2023-06-21 00:56:39.965Z",1.09172,1.09179
"exness","EURUSD","2023-06-21 00:56:40.126Z",1.09174,1.09179
"exness","EURUSD","2023-06-21 00:56:40.227Z",1.09174,1.0918
"exness","EURUSD","2023-06-21 00:56:40.498Z",1.09176,1.09182
"exness","EURUSD","2023-06-21 00:56:42.122Z",1.09174,1.09181
"exness","EURUSD","2023-06-21 00:56:43.773Z",1.09174,1.0918
"exness","EURUSD","2023-06-21 00:56:46.836Z",1.09173,1.0918
"exness","EURUSD","2023-06-21 00:56:48.598Z",1.09172,1.09178
"exness","EURUSD","2023-06-21 00:56:55.063Z",1.09171,1.09177
"exness","EURUSD","2023-06-21 00:56:55.130Z",1.09169,1.09175
"exness","EURUSD","2023-06-21 00:56:55.735Z",1.09167,1.09174
"exness","EURUSD","2023-06-21 00:56:55.808Z",1.09167,1.09172
"exness","EURUSD","2023-06-21 00:56:58.417Z",1.09166,1.09172
"exness","EURUSD","2023-06-21 00:57:03.185Z",1.09164,1.0917
"exness","EURUSD","2023-06-21 00:57:03.457Z",1.09164,1.09169
"exness","EURUSD","2023-06-21 00:57:03.585Z",1.09162,1.09168
"exness","EURUSD","2023-06-21 00:57:04.147Z",1.09161,1.09166
"exness","EURUSD","2023-06-21 00:57:05.177Z",1.09162,1.09167
"exness","EURUSD","2023-06-21 00:57:05.396Z",1.09162,1.09168
"exness","EURUSD","2023-06-21 00:57:08.811Z",1.09162,1.09169
"exness","EURUSD","2023-06-21 00:57:13.661Z",1.09164,1.09169
"exness","EURUSD","2023-06-21 00:57:18.728Z",1.09163,1.09168
"exness","EURUSD","2023-06-21 00:57:18.778Z",1.09163,1.09169
"exness","EURUSD","2023-06-21 00:57:19.788Z",1.09162,1.09168
"exness","EURUSD","2023-06-21 00:57:20.829Z",1.09161,1.09167
"exness","EURUSD","2023-06-21 00:57:21.837Z",1.09162,1.09167
"exness","EURUSD","2023-06-21 00:57:24.600Z",1.09161,1.09168
"exness","EURUSD","2023-06-21 00:57:27.126Z",1.09161,1.09167
"exness","EURUSD","2023-06-21 00:57:27.603Z",1.09162,1.09168
"exness","EURUSD","2023-06-21 00:57:27.623Z",1.09164,1.0917
"exness","EURUSD","2023-06-21 00:57:27.685Z",1.09165,1.09172
"exness","EURUSD","2023-06-21 00:57:27.822Z",1.09167,1.09172
"exness","EURUSD","2023-06-21 00:57:29.337Z",1.09168,1.09174
"exness","EURUSD","2023-06-21 00:57:30.031Z",1.09169,1.09174
"exness","EURUSD","2023-06-21 00:57:31.047Z",1.09169,1.09175
"exness","EURUSD","2023-06-21 00:57:40.214Z",1.09168,1.09175
"exness","EURUSD","2023-06-21 00:57:44.216Z",1.09168,1.09174
"exness","EURUSD","2023-06-21 00:57:45.406Z",1.09169,1.09175
"exness","EURUSD","2023-06-21 00:57:47.872Z",1.09169,1.09174
"exness","EURUSD","2023-06-21 00:57:51.869Z",1.09168,1.09174
"exness","EURUSD","2023-06-21 00:58:00.201Z",1.09168,1.09175
"exness","EURUSD","2023-06-21 00:58:01.213Z",1.09168,1.09174
"exness","EURUSD","2023-06-21 00:58:02.309Z",1.09169,1.09175
"exness","EURUSD","2023-06-21 00:58:03.711Z",1.09167,1.09173
"exness","EURUSD","2023-06-21 00:58:03.733Z",1.09166,1.09172
"exness","EURUSD","2023-06-21 00:58:03.985Z",1.09164,1.0917
"exness","EURUSD","2023-06-21 00:58:04.069Z",1.09164,1.09169
"exness","EURUSD","2023-06-21 00:58:04.189Z",1.09162,1.09169
"exness","EURUSD","2023-06-21 00:58:05.238Z",1.09161,1.09168
"exness","EURUSD","2023-06-21 00:58:08.909Z",1.0916,1.09166
"exness","EURUSD","2023-06-21 00:58:16.727Z",1.0916,1.09165
"exness","EURUSD","2023-06-21 00:58:21.137Z",1.09159,1.09165
"exness","EURUSD","2023-06-21 00:58:22.852Z",1.09157,1.09164
"exness","EURUSD","2023-06-21 00:58:23.946Z",1.09158,1.09163
"exness","EURUSD","2023-06-21 00:58:26.266Z",1.09157,1.09163
"exness","EURUSD","2023-06-21 00:58:28.954Z",1.09156,1.09162
"exness","EURUSD","2023-06-21 00:58:29.361Z",1.09154,1.0916
"exness","EURUSD","2023-06-21 00:58:30.433Z",1.09154,1.09159
"exness","EURUSD","2023-06-21 00:58:31.436Z",1.09154,1.0916
"exness","EURUSD","2023-06-21 00:58:32.964Z",1.09156,1.09162
"exness","EURUSD","2023-06-21 00:58:35.456Z",1.09156,1.09163
"exness","EURUSD","2023-06-21 00:58:36.688Z",1.09157,1.09163
"exness","EURUSD","2023-06-21 00:58:37.562Z",1.09159,1.09165
"exness","EURUSD","2023-06-21 00:58:38.744Z",1.09159,1.09166
"exness","EURUSD","2023-06-21 00:58:39.741Z",1.0916,1.09165
"exness","EURUSD","2023-06-21 00:58:41.158Z",1.0916,1.09166
"exness","EURUSD","2023-06-21 00:58:42.267Z",1.09159,1.09166
"exness","EURUSD","2023-06-21 00:58:44.287Z",1.09159,1.09165
"exness","EURUSD","2023-06-21 00:58:45.957Z",1.09161,1.09167
"exness","EURUSD","2023-06-21 00:58:46.443Z",1.09162,1.09167
"exness","EURUSD","2023-06-21 00:58:47.573Z",1.09162,1.09168
"exness","EURUSD","2023-06-21 00:58:53.857Z",1.09164,1.0917
"exness","EURUSD","2023-06-21 00:58:53.879Z",1.09165,1.09171
"exness","EURUSD","2023-06-21 00:58:53.960Z",1.09167,1.09173
"exness","EURUSD","2023-06-21 00:58:57.210Z",1.09165,1.09171
"exness","EURUSD","2023-06-21 00:58:58.329Z",1.09164,1.09171
"exness","EURUSD","2023-06-21 00:58:59.476Z",1.09164,1.09169
"exness","EURUSD","2023-06-21 00:59:00.531Z",1.09163,1.0917
"exness","EURUSD","2023-06-21 00:59:05.231Z",1.09162,1.09168
"exness","EURUSD","2023-06-21 00:59:06.078Z",1.09164,1.0917
"exness","EURUSD","2023-06-21 00:59:07.559Z",1.09165,1.0917
"exness","EURUSD","2023-06-21 00:59:08.643Z",1.09164,1.0917
"exness","EURUSD","2023-06-21 00:59:11.526Z",1.09165,1.09172
"exness","EURUSD","2023-06-21 00:59:12.863Z",1.09164,1.0917
"exness","EURUSD","2023-06-21 00:59:14.272Z",1.09165,1.0917
"exness","EURUSD","2023-06-21 00:59:15.391Z",1.09164,1.0917
"exness","EURUSD","2023-06-21 00:59:21.929Z",1.09163,1.09169
"exness","EURUSD","2023-06-21 00:59:24.441Z",1.09163,1.0917
"exness","EURUSD","2023-06-21 00:59:27.449Z",1.09163,1.09168
"exness","EURUSD","2023-06-21 00:59:28.608Z",1.09162,1.09168
"exness","EURUSD","2023-06-21 00:59:32.255Z",1.09163,1.0917
"exness","EURUSD","2023-06-21 00:59:33.298Z",1.09164,1.09169
"exness","EURUSD","2023-06-21 00:59:34.332Z",1.09164,1.0917
"exness","EURUSD","2023-06-21 00:59:37.609Z",1.09163,1.0917
"exness","EURUSD","2023-06-21 00:59:37.950Z",1.09163,1.09168
"exness","EURUSD","2023-06-21 00:59:39.213Z",1.09162,1.09168
"exness","EURUSD","2023-06-21 00:59:40.312Z",1.09162,1.09167
"exness","EURUSD","2023-06-21 00:59:41.499Z",1.09161,1.09167
"exness","EURUSD","2023-06-21 00:59:41.981Z",1.09159,1.09166
"exness","EURUSD","2023-06-21 00:59:43.073Z",1.09158,1.09165
"exness","EURUSD","2023-06-21 00:59:43.149Z",1.09157,1.09163
"exness","EURUSD","2023-06-21 00:59:44.152Z",1.09156,1.09163
"exness","EURUSD","2023-06-21 00:59:45.186Z",1.09156,1.09162
"exness","EURUSD","2023-06-21 00:59:48.433Z",1.09156,1.09161
"exness","EURUSD","2023-06-21 00:59:50.535Z",1.09155,1.0916
"exness","EURUSD","2023-06-21 00:59:51.706Z",1.09155,1.09161
"exness","EURUSD","2023-06-21 00:59:53.079Z",1.09156,1.09162
"exness","EURUSD","2023-06-21 00:59:53.276Z",1.09158,1.09163
"exness","EURUSD","2023-06-21 00:59:54.278Z",1.09157,1.09163
"exness","EURUSD","2023-06-21 00:59:56.422Z",1.09157,1.09164
"exness","EURUSD","2023-06-21 01:00:01.043Z",1.09157,1.09163
"exness","EURUSD","2023-06-21 01:00:02.063Z",1.09156,1.09163
"exness","EURUSD","2023-06-21 01:00:03.147Z",1.09157,1.09163
"exness","EURUSD","2023-06-21 01:00:04.478Z",1.09156,1.09162
"exness","EURUSD","2023-06-21 01:00:05.577Z",1.09157,1.09163
"exness","EURUSD","2023-06-21 01:00:06.549Z",1.09158,1.09164
"exness","EURUSD","2023-06-21 01:00:06.585Z",1.0916,1.09166
"exness","EURUSD","2023-06-21 01:00:06.725Z",1.09161,1.09166
"exness","EURUSD","2023-06-21 01:00:07.827Z",1.0916,1.09166
"exness","EURUSD","2023-06-21 01:00:09.122Z",1.09161,1.09167
"exness","EURUSD","2023-06-21 01:00:10.158Z",1.0916,1.09166
"exness","EURUSD","2023-06-21 01:00:11.228Z",1.09161,1.09166
"exness","EURUSD","2023-06-21 01:00:13.000Z",1.0916,1.09166
"exness","EURUSD","2023-06-21 01:00:15.868Z",1.09159,1.09165
"exness","EURUSD","2023-06-21 01:00:16.880Z",1.0916,1.09166
"exness","EURUSD","2023-06-21 01:00:18.086Z",1.0916,1.09165
"exness","EURUSD","2023-06-21 01:00:18.690Z",1.09161,1.09167
"exness","EURUSD","2023-06-21 01:00:20.023Z",1.09163,1.09169
"exness","EURUSD","2023-06-21 01:00:20.159Z",1.09164,1.09171
"exness","EURUSD","2023-06-21 01:00:21.360Z",1.09165,1.09171
"exness","EURUSD","2023-06-21 01:00:21.916Z",1.09165,1.0917
"exness","EURUSD","2023-06-21 01:00:21.951Z",1.09163,1.09169
"exness","EURUSD","2023-06-21 01:00:22.073Z",1.09163,1.09168
"exness","EURUSD","2023-06-21 01:00:22.814Z",1.09161,1.09167
"exness","EURUSD","2023-06-21 01:00:22.844Z",1.09161,1.09166
"exness","EURUSD","2023-06-21 01:00:23.974Z",1.0916,1.09165
"exness","EURUSD","2023-06-21 01:00:24.016Z",1.09158,1.09165
"exness","EURUSD","2023-06-21 01:00:27.211Z",1.09158,1.09164
