"Exness","Symbol","Timestamp","Bid","Ask"
"exness","EURUSD","2023-06-08 00:00:00.207Z",1.07069,1.07074
"exness","EURUSD","2023-06-08 00:00:00.301Z",1.07069,1.07075
"exness","EURUSD","2023-06-08 00:00:00.443Z",1.07071,1.07077
"exness","EURUSD","2023-06-08 00:00:00.473Z",1.0707200000000001,1.07078
"exness","EURUSD","2023-06-08 00:00:00.542Z",1.07074,1.07079
"exness","EURUSD","2023-06-08 00:00:01.382Z",1.07074,1.0708
"exness","EURUSD","2023-06-08 00:00:01.438Z",1.07076,1.0708199999999999
"exness","EURUSD","2023-06-08 00:00:01.603Z",1.07074,1.0708
"exness","EURUSD","2023-06-08 00:00:04.149Z",1.07074,1.07079
"exness","EURUSD","2023-06-08 00:00:07.549Z",1.0707200000000001,1.07079
"exness","EURUSD","2023-06-08 00:00:08.878Z",1.0707,1.07076
"exness","EURUSD","2023-06-08 00:00:09.008Z",1.0707,1.07075
"exness","EURUSD","2023-06-08 00:00:12.817Z",1.07068,1.07074
"exness","EURUSD","2023-06-08 00:00:15.724Z",1.07066,1.0707200000000001
"exness","EURUSD","2023-06-08 00:00:15.752Z",1.07064,1.0707
"exness","EURUSD","2023-06-08 00:00:24.346Z",1.07062,1.07068
"exness","EURUSD","2023-06-08 00:00:33.887Z",1.07063,1.0707
"exness","EURUSD","2023-06-08 00:00:34.458Z",1.07065,1.0707
"exness","EURUSD","2023-06-08 00:00:34.487Z",1.07066,1.0707200000000001
"exness","EURUSD","2023-06-08 00:00:34.507Z",1.07067,1.07073
"exness","EURUSD","2023-06-08 00:00:35.571Z",1.07069,1.07075
"exness","EURUSD","2023-06-08 00:00:41.057Z",1.07067,1.07073
"exness","EURUSD","2023-06-08 00:00:41.219Z",1.07068,1.07075
"exness","EURUSD","2023-06-08 00:00:41.243Z",1.0707,1.07076
"exness","EURUSD","2023-06-08 00:00:41.351Z",1.07071,1.07078
"exness","EURUSD","2023-06-08 00:00:50.634Z",1.07069,1.07076
"exness","EURUSD","2023-06-08 00:00:51.487Z",1.07068,1.07074
"exness","EURUSD","2023-06-08 00:00:56.682Z",1.07069,1.07074
"exness","EURUSD","2023-06-08 00:00:56.707Z",1.0707,1.07076
"exness","EURUSD","2023-06-08 00:01:00.670Z",1.07069,1.07075
"exness","EURUSD","2023-06-08 00:01:01.746Z",1.07071,1.07076
"exness","EURUSD","2023-06-08 00:01:02.765Z",1.0707200000000001,1.07078
"exness","EURUSD","2023-06-08 00:01:02.788Z",1.07074,1.0708
"exness","EURUSD","2023-06-08 00:01:02.807Z",1.07075,1.0708199999999999
"exness","EURUSD","2023-06-08 00:01:02.830Z",1.07077,1.07083
"exness","EURUSD","2023-06-08 00:01:02.889Z",1.07078,1.07085
"exness","EURUSD","2023-06-08 00:01:08.814Z",1.07077,1.07083
"exness","EURUSD","2023-06-08 00:01:08.836Z",1.07075,1.0708199999999999
"exness","EURUSD","2023-06-08 00:01:08.903Z",1.07074,1.0708
"exness","EURUSD","2023-06-08 00:01:09.144Z",1.0707200000000001,1.07078
"exness","EURUSD","2023-06-08 00:01:22.866Z",1.0707,1.07076
"exness","EURUSD","2023-06-08 00:01:29.436Z",1.07071,1.07078
"exness","EURUSD","2023-06-08 00:01:31.993Z",1.07073,1.07079
"exness","EURUSD","2023-06-08 00:01:32.010Z",1.07074,1.07081
"exness","EURUSD","2023-06-08 00:01:32.044Z",1.07076,1.0708199999999999
"exness","EURUSD","2023-06-08 00:01:33.338Z",1.07077,1.07083
"exness","EURUSD","2023-06-08 00:01:54.548Z",1.07078,1.07085
"exness","EURUSD","2023-06-08 00:01:54.566Z",1.0708,1.07086
"exness","EURUSD","2023-06-08 00:01:57.187Z",1.07079,1.07085
"exness","EURUSD","2023-06-08 00:01:57.249Z",1.07077,1.07083
"exness","EURUSD","2023-06-08 00:01:58.356Z",1.07076,1.0708199999999999
"exness","EURUSD","2023-06-08 00:02:01.841Z",1.07078,1.07083
"exness","EURUSD","2023-06-08 00:02:01.969Z",1.07076,1.0708199999999999
"exness","EURUSD","2023-06-08 00:02:04.150Z",1.07074,1.0708
"exness","EURUSD","2023-06-08 00:02:06.068Z",1.07073,1.07078
"exness","EURUSD","2023-06-08 00:02:08.009Z",1.07071,1.07077
"exness","EURUSD","2023-06-08 00:02:13.964Z",1.07069,1.07075
"exness","EURUSD","2023-06-08 00:02:23.288Z",1.07067,1.07074
"exness","EURUSD","2023-06-08 00:02:23.294Z",1.07066,1.0707200000000001
"exness","EURUSD","2023-06-08 00:02:23.298Z",1.07064,1.0707
"exness","EURUSD","2023-06-08 00:02:23.325Z",1.07062,1.07068
"exness","EURUSD","2023-06-08 00:02:23.342Z",1.0706,1.07066
"exness","EURUSD","2023-06-08 00:02:23.355Z",1.07058,1.07065
"exness","EURUSD","2023-06-08 00:02:23.371Z",1.07057,1.07063
"exness","EURUSD","2023-06-08 00:02:23.376Z",1.07057,1.07062
"exness","EURUSD","2023-06-08 00:02:23.390Z",1.07057,1.07063
"exness","EURUSD","2023-06-08 00:02:23.395Z",1.07059,1.07064
"exness","EURUSD","2023-06-08 00:02:23.403Z",1.07059,1.07065
"exness","EURUSD","2023-06-08 00:02:23.434Z",1.07061,1.07067
"exness","EURUSD","2023-06-08 00:02:24.330Z",1.07062,1.07068
"exness","EURUSD","2023-06-08 00:02:25.662Z",1.07063,1.07069
"exness","EURUSD","2023-06-08 00:02:31.062Z",1.07065,1.07071
"exness","EURUSD","2023-06-08 00:02:31.753Z",1.07066,1.0707200000000001
"exness","EURUSD","2023-06-08 00:02:31.796Z",1.07068,1.07074
"exness","EURUSD","2023-06-08 00:02:32.864Z",1.07066,1.07073
"exness","EURUSD","2023-06-08 00:02:33.336Z",1.07065,1.07071
"exness","EURUSD","2023-06-08 00:02:36.434Z",1.07067,1.07073
"exness","EURUSD","2023-06-08 00:02:38.646Z",1.07066,1.07071
"exness","EURUSD","2023-06-08 00:02:38.665Z",1.07065,1.07071
"exness","EURUSD","2023-06-08 00:02:41.388Z",1.07066,1.07071
"exness","EURUSD","2023-06-08 00:02:50.218Z",1.07067,1.07073
"exness","EURUSD","2023-06-08 00:02:57.503Z",1.07068,1.07074
"exness","EURUSD","2023-06-08 00:02:58.634Z",1.07069,1.07076
"exness","EURUSD","2023-06-08 00:02:58.656Z",1.07071,1.07077
"exness","EURUSD","2023-06-08 00:03:00.045Z",1.0707200000000001,1.07078
"exness","EURUSD","2023-06-08 00:03:08.476Z",1.0707,1.07077
"exness","EURUSD","2023-06-08 00:03:08.533Z",1.0707,1.07075
"exness","EURUSD","2023-06-08 00:03:09.059Z",1.07068,1.07074
"exness","EURUSD","2023-06-08 00:03:09.137Z",1.07067,1.0707200000000001
"exness","EURUSD","2023-06-08 00:03:13.017Z",1.07066,1.0707200000000001
"exness","EURUSD","2023-06-08 00:03:29.941Z",1.07068,1.07074
"exness","EURUSD","2023-06-08 00:03:29.989Z",1.0707,1.07075
"exness","EURUSD","2023-06-08 00:03:30.085Z",1.0707,1.07077
"exness","EURUSD","2023-06-08 00:03:30.536Z",1.0707200000000001,1.07077
"exness","EURUSD","2023-06-08 00:03:30.718Z",1.0707200000000001,1.07079
"exness","EURUSD","2023-06-08 00:03:30.739Z",1.07074,1.0708
"exness","EURUSD","2023-06-08 00:03:32.087Z",1.07075,1.0708199999999999
"exness","EURUSD","2023-06-08 00:03:40.152Z",1.07073,1.0708
"exness","EURUSD","2023-06-08 00:03:40.210Z",1.07073,1.07078
"exness","EURUSD","2023-06-08 00:03:43.919Z",1.0707200000000001,1.07078
"exness","EURUSD","2023-06-08 00:03:50.987Z",1.0707,1.07076
"exness","EURUSD","2023-06-08 00:03:54.373Z",1.07071,1.07076
"exness","EURUSD","2023-06-08 00:03:55.463Z",1.07069,1.07075
"exness","EURUSD","2023-06-08 00:03:58.283Z",1.07071,1.07076
"exness","EURUSD","2023-06-08 00:04:13.130Z",1.0707200000000001,1.07078
"exness","EURUSD","2023-06-08 00:04:29.729Z",1.07074,1.0708
"exness","EURUSD","2023-06-08 00:04:30.795Z",1.07075,1.07081
"exness","EURUSD","2023-06-08 00:04:33.122Z",1.07076,1.07083
"exness","EURUSD","2023-06-08 00:04:33.147Z",1.07078,1.07084
"exness","EURUSD","2023-06-08 00:04:33.164Z",1.0708,1.07086
"exness","EURUSD","2023-06-08 00:04:33.346Z",1.07081,1.07087
"exness","EURUSD","2023-06-08 00:04:36.517Z",1.07079,1.07085
"exness","EURUSD","2023-06-08 00:04:36.981Z",1.07078,1.07084
"exness","EURUSD","2023-06-08 00:04:39.113Z",1.07076,1.0708199999999999
"exness","EURUSD","2023-06-08 00:04:51.575Z",1.07078,1.07083
"exness","EURUSD","2023-06-08 00:04:54.099Z",1.07077,1.07084
"exness","EURUSD","2023-06-08 00:04:59.336Z",1.07076,1.0708199999999999
"exness","EURUSD","2023-06-08 00:05:01.624Z",1.07075,1.0708
"exness","EURUSD","2023-06-08 00:05:01.985Z",1.07076,1.0708199999999999
"exness","EURUSD","2023-06-08 00:05:05.773Z",1.07077,1.0708199999999999
"exness","EURUSD","2023-06-08 00:05:06.877Z",1.07076,1.0708199999999999
"exness","EURUSD","2023-06-08 00:05:14.498Z",1.07078,1.07084
"exness","EURUSD","2023-06-08 00:05:14.598Z",1.07076,1.07083
"exness","EURUSD","2023-06-08 00:05:18.077Z",1.07075,1.0708199999999999
"exness","EURUSD","2023-06-08 00:05:28.537Z",1.07073,1.07079
"exness","EURUSD","2023-06-08 00:05:28.560Z",1.07071,1.07077
"exness","EURUSD","2023-06-08 00:05:30.207Z",1.07069,1.07075
"exness","EURUSD","2023-06-08 00:05:30.629Z",1.0707,1.07075
"exness","EURUSD","2023-06-08 00:05:30.635Z",1.07071,1.07077
"exness","EURUSD","2023-06-08 00:05:30.664Z",1.07073,1.0708
"exness","EURUSD","2023-06-08 00:05:30.687Z",1.07075,1.07081
"exness","EURUSD","2023-06-08 00:05:32.216Z",1.07077,1.0708199999999999
"exness","EURUSD","2023-06-08 00:05:43.142Z",1.07077,1.07083
"exness","EURUSD","2023-06-08 00:05:45.488Z",1.07079,1.07085
"exness","EURUSD","2023-06-08 00:05:48.624Z",1.07081,1.07087
"exness","EURUSD","2023-06-08 00:05:51.553Z",1.0708199999999999,1.07088
"exness","EURUSD","2023-06-08 00:05:51.655Z",1.07081,1.07086
"exness","EURUSD","2023-06-08 00:05:55.846Z",1.0708199999999999,1.07088
"exness","EURUSD","2023-06-08 00:06:33.566Z",1.07079,1.07085
"exness","EURUSD","2023-06-08 00:06:33.688Z",1.07078,1.07084
"exness","EURUSD","2023-06-08 00:06:42.093Z",1.07077,1.07083
"exness","EURUSD","2023-06-08 00:06:54.422Z",1.07075,1.0708199999999999
"exness","EURUSD","2023-06-08 00:06:57.067Z",1.07074,1.07081
"exness","EURUSD","2023-06-08 00:06:58.762Z",1.0707200000000001,1.07078
"exness","EURUSD","2023-06-08 00:07:00.097Z",1.07071,1.07077
"exness","EURUSD","2023-06-08 00:07:03.681Z",1.0707200000000001,1.07077
"exness","EURUSD","2023-06-08 00:07:07.512Z",1.0707200000000001,1.07078
"exness","EURUSD","2023-06-08 00:07:20.011Z",1.07074,1.07081
"exness","EURUSD","2023-06-08 00:07:20.416Z",1.07076,1.0708199999999999
"exness","EURUSD","2023-06-08 00:07:23.930Z",1.07077,1.0708199999999999
"exness","EURUSD","2023-06-08 00:07:25.475Z",1.07077,1.07084
"exness","EURUSD","2023-06-08 00:07:30.409Z",1.07079,1.07086
"exness","EURUSD","2023-06-08 00:07:30.413Z",1.07081,1.07087
"exness","EURUSD","2023-06-08 00:07:30.452Z",1.07083,1.07089
"exness","EURUSD","2023-06-08 00:07:32.711Z",1.07084,1.07091
"exness","EURUSD","2023-06-08 00:07:35.007Z",1.07086,1.07092
"exness","EURUSD","2023-06-08 00:07:35.754Z",1.07087,1.07094
"exness","EURUSD","2023-06-08 00:07:40.342Z",1.07089,1.07096
"exness","EURUSD","2023-06-08 00:07:44.259Z",1.07091,1.07097
"exness","EURUSD","2023-06-08 00:07:44.294Z",1.07092,1.07097
"exness","EURUSD","2023-06-08 00:08:01.580Z",1.0709,1.07096
"exness","EURUSD","2023-06-08 00:08:03.725Z",1.07092,1.07097
"exness","EURUSD","2023-06-08 00:08:05.228Z",1.07092,1.07098
"exness","EURUSD","2023-06-08 00:08:05.261Z",1.07094,1.07099
"exness","EURUSD","2023-06-08 00:08:05.367Z",1.07092,1.07099
"exness","EURUSD","2023-06-08 00:08:10.431Z",1.07093,1.071
"exness","EURUSD","2023-06-08 00:08:10.770Z",1.07092,1.07098
"exness","EURUSD","2023-06-08 00:08:21.953Z",1.0709,1.07097
"exness","EURUSD","2023-06-08 00:08:24.270Z",1.07089,1.07095
"exness","EURUSD","2023-06-08 00:08:35.455Z",1.07087,1.07093
"exness","EURUSD","2023-06-08 00:08:36.559Z",1.07086,1.07092
"exness","EURUSD","2023-06-08 00:09:18.827Z",1.07088,1.07095
"exness","EURUSD","2023-06-08 00:09:18.897Z",1.0709,1.07096
"exness","EURUSD","2023-06-08 00:09:18.929Z",1.07091,1.07098
"exness","EURUSD","2023-06-08 00:09:19.022Z",1.07093,1.07099
"exness","EURUSD","2023-06-08 00:09:19.284Z",1.07095,1.07101
"exness","EURUSD","2023-06-08 00:09:19.432Z",1.07096,1.07101
"exness","EURUSD","2023-06-08 00:09:21.902Z",1.07094,1.071
"exness","EURUSD","2023-06-08 00:09:22.918Z",1.07095,1.071
"exness","EURUSD","2023-06-08 00:09:23.593Z",1.07096,1.07102
"exness","EURUSD","2023-06-08 00:09:23.674Z",1.07097,1.07104
"exness","EURUSD","2023-06-08 00:09:24.992Z",1.07096,1.07101
"exness","EURUSD","2023-06-08 00:09:34.327Z",1.07096,1.07103
"exness","EURUSD","2023-06-08 00:09:42.269Z",1.07095,1.07101
"exness","EURUSD","2023-06-08 00:09:44.580Z",1.07093,1.071
"exness","EURUSD","2023-06-08 00:09:45.364Z",1.07092,1.07098
"exness","EURUSD","2023-06-08 00:09:45.446Z",1.07091,1.07096
"exness","EURUSD","2023-06-08 00:09:50.581Z",1.0709,1.07096
"exness","EURUSD","2023-06-08 00:10:06.097Z",1.07088,1.07094
"exness","EURUSD","2023-06-08 00:10:08.997Z",1.07088,1.07093
"exness","EURUSD","2023-06-08 00:10:19.409Z",1.07085,1.07091
"exness","EURUSD","2023-06-08 00:10:19.455Z",1.07083,1.0709
"exness","EURUSD","2023-06-08 00:10:19.479Z",1.0708199999999999,1.07088
"exness","EURUSD","2023-06-08 00:10:20.462Z",1.0708199999999999,1.07087
"exness","EURUSD","2023-06-08 00:10:21.767Z",1.07081,1.07087
"exness","EURUSD","2023-06-08 00:10:26.288Z",1.0708199999999999,1.07087
"exness","EURUSD","2023-06-08 00:10:26.679Z",1.0708,1.07086
"exness","EURUSD","2023-06-08 00:10:29.328Z",1.0708,1.07085
"exness","EURUSD","2023-06-08 00:10:36.066Z",1.07078,1.07084
"exness","EURUSD","2023-06-08 00:10:36.106Z",1.07076,1.07083
"exness","EURUSD","2023-06-08 00:10:36.127Z",1.07075,1.07081
"exness","EURUSD","2023-06-08 00:10:43.150Z",1.07076,1.0708199999999999
"exness","EURUSD","2023-06-08 00:11:09.382Z",1.07078,1.07084
"exness","EURUSD","2023-06-08 00:11:11.398Z",1.07077,1.07083
"exness","EURUSD","2023-06-08 00:11:19.422Z",1.07075,1.0708
"exness","EURUSD","2023-06-08 00:11:20.555Z",1.07073,1.0708
"exness","EURUSD","2023-06-08 00:11:20.582Z",1.0707200000000001,1.07078
"exness","EURUSD","2023-06-08 00:11:21.723Z",1.07074,1.0708
"exness","EURUSD","2023-06-08 00:11:21.753Z",1.07076,1.0708199999999999
"exness","EURUSD","2023-06-08 00:11:22.799Z",1.07075,1.0708
"exness","EURUSD","2023-06-08 00:11:30.688Z",1.07075,1.0708199999999999
"exness","EURUSD","2023-06-08 00:11:37.313Z",1.07074,1.07081
"exness","EURUSD","2023-06-08 00:11:40.187Z",1.07073,1.0708
"exness","EURUSD","2023-06-08 00:11:41.259Z",1.07075,1.07081
"exness","EURUSD","2023-06-08 00:11:44.814Z",1.07074,1.0708
"exness","EURUSD","2023-06-08 00:11:45.453Z",1.07075,1.0708
"exness","EURUSD","2023-06-08 00:11:53.190Z",1.07074,1.0708
"exness","EURUSD","2023-06-08 00:11:55.396Z",1.07075,1.07081
"exness","EURUSD","2023-06-08 00:11:55.504Z",1.07074,1.0708
"exness","EURUSD","2023-06-08 00:11:58.796Z",1.0707200000000001,1.07078
"exness","EURUSD","2023-06-08 00:12:01.108Z",1.0707200000000001,1.07077
"exness","EURUSD","2023-06-08 00:12:10.428Z",1.0707200000000001,1.07079
"exness","EURUSD","2023-06-08 00:12:12.423Z",1.07071,1.07077
"exness","EURUSD","2023-06-08 00:12:20.127Z",1.0707200000000001,1.07077
"exness","EURUSD","2023-06-08 00:13:02.786Z",1.0707200000000001,1.07079
"exness","EURUSD","2023-06-08 00:13:12.564Z",1.0707,1.07077
"exness","EURUSD","2023-06-08 00:13:13.884Z",1.07069,1.07075
"exness","EURUSD","2023-06-08 00:13:14.444Z",1.07068,1.07073
"exness","EURUSD","2023-06-08 00:13:20.960Z",1.07066,1.07073
"exness","EURUSD","2023-06-08 00:13:22.071Z",1.07068,1.07074
"exness","EURUSD","2023-06-08 00:13:23.077Z",1.0707,1.07076
"exness","EURUSD","2023-06-08 00:13:29.194Z",1.07071,1.07077
"exness","EURUSD","2023-06-08 00:13:32.599Z",1.0707200000000001,1.07077
"exness","EURUSD","2023-06-08 00:13:33.852Z",1.07073,1.07079
"exness","EURUSD","2023-06-08 00:13:34.008Z",1.07074,1.07079
"exness","EURUSD","2023-06-08 00:13:41.830Z",1.07075,1.07081
"exness","EURUSD","2023-06-08 00:13:45.704Z",1.0707200000000001,1.07079
"exness","EURUSD","2023-06-08 00:13:55.264Z",1.07073,1.07078
"exness","EURUSD","2023-06-08 00:14:07.695Z",1.07071,1.07076
"exness","EURUSD","2023-06-08 00:14:11.322Z",1.0707200000000001,1.07079
"exness","EURUSD","2023-06-08 00:14:12.523Z",1.07074,1.0708
"exness","EURUSD","2023-06-08 00:14:40.266Z",1.07075,1.07081
"exness","EURUSD","2023-06-08 00:14:41.407Z",1.07076,1.0708199999999999
"exness","EURUSD","2023-06-08 00:14:47.595Z",1.07079,1.07085
"exness","EURUSD","2023-06-08 00:14:48.350Z",1.0708,1.07086
"exness","EURUSD","2023-06-08 00:14:49.401Z",1.07081,1.07088
"exness","EURUSD","2023-06-08 00:15:00.681Z",1.07083,1.07089
"exness","EURUSD","2023-06-08 00:15:05.025Z",1.07085,1.0709
"exness","EURUSD","2023-06-08 00:15:06.025Z",1.07084,1.0709
"exness","EURUSD","2023-06-08 00:15:11.374Z",1.0708199999999999,1.07089
"exness","EURUSD","2023-06-08 00:15:12.463Z",1.0708199999999999,1.07087
"exness","EURUSD","2023-06-08 00:15:12.480Z",1.07081,1.07087
"exness","EURUSD","2023-06-08 00:15:12.538Z",1.0708,1.07085
"exness","EURUSD","2023-06-08 00:15:13.494Z",1.07078,1.07085
"exness","EURUSD","2023-06-08 00:15:16.699Z",1.07077,1.07083
"exness","EURUSD","2023-06-08 00:15:24.884Z",1.07076,1.0708199999999999
"exness","EURUSD","2023-06-08 00:15:35.461Z",1.07077,1.07084
"exness","EURUSD","2023-06-08 00:15:41.350Z",1.07077,1.0708199999999999
"exness","EURUSD","2023-06-08 00:16:03.259Z",1.07078,1.07084
"exness","EURUSD","2023-06-08 00:16:10.083Z",1.07078,1.07083
"exness","EURUSD","2023-06-08 00:16:17.027Z",1.07079,1.07084
"exness","EURUSD","2023-06-08 00:16:19.090Z",1.07077,1.07083
"exness","EURUSD","2023-06-08 00:16:25.616Z",1.07077,1.0708199999999999
"exness","EURUSD","2023-06-08 00:16:33.344Z",1.07077,1.07083
"exness","EURUSD","2023-06-08 00:17:07.380Z",1.07079,1.07085
"exness","EURUSD","2023-06-08 00:17:19.486Z",1.0708,1.07085
"exness","EURUSD","2023-06-08 00:17:34.568Z",1.07078,1.07084
"exness","EURUSD","2023-06-08 00:17:35.612Z",1.07077,1.07083
"exness","EURUSD","2023-06-08 00:17:35.833Z",1.07075,1.07081
"exness","EURUSD","2023-06-08 00:17:36.937Z",1.07074,1.0708
"exness","EURUSD","2023-06-08 00:17:40.219Z",1.07075,1.0708
"exness","EURUSD","2023-06-08 00:17:40.239Z",1.07076,1.0708199999999999
"exness","EURUSD","2023-06-08 00:17:55.287Z",1.07077,1.07083
"exness","EURUSD","2023-06-08 00:18:09.484Z",1.07078,1.07084
"exness","EURUSD","2023-06-08 00:18:18.691Z",1.07078,1.07083
"exness","EURUSD","2023-06-08 00:18:40.343Z",1.07076,1.0708199999999999
"exness","EURUSD","2023-06-08 00:19:04.683Z",1.07078,1.07084
"exness","EURUSD","2023-06-08 00:19:23.053Z",1.07076,1.07083
"exness","EURUSD","2023-06-08 00:19:28.070Z",1.07076,1.07081
"exness","EURUSD","2023-06-08 00:19:28.129Z",1.07074,1.07081
"exness","EURUSD","2023-06-08 00:19:30.150Z",1.07073,1.0708
"exness","EURUSD","2023-06-08 00:19:40.238Z",1.07075,1.0708
"exness","EURUSD","2023-06-08 00:19:43.946Z",1.07074,1.07081
"exness","EURUSD","2023-06-08 00:19:49.565Z",1.07076,1.07083
"exness","EURUSD","2023-06-08 00:19:50.573Z",1.07078,1.07084
"exness","EURUSD","2023-06-08 00:20:00.231Z",1.07079,1.07086
"exness","EURUSD","2023-06-08 00:20:25.147Z",1.07078,1.07084
"exness","EURUSD","2023-06-08 00:20:35.468Z",1.07076,1.0708199999999999
"exness","EURUSD","2023-06-08 00:20:35.529Z",1.07074,1.0708
"exness","EURUSD","2023-06-08 00:20:40.978Z",1.07074,1.07079
"exness","EURUSD","2023-06-08 00:20:41.000Z",1.07074,1.0708
"exness","EURUSD","2023-06-08 00:20:41.147Z",1.07076,1.0708199999999999
"exness","EURUSD","2023-06-08 00:20:41.191Z",1.07077,1.07083
"exness","EURUSD","2023-06-08 00:20:47.556Z",1.07078,1.07085
"exness","EURUSD","2023-06-08 00:20:59.057Z",1.07077,1.07083
"exness","EURUSD","2023-06-08 00:21:20.289Z",1.07076,1.0708199999999999
"exness","EURUSD","2023-06-08 00:21:34.165Z",1.07074,1.0708
"exness","EURUSD","2023-06-08 00:21:36.815Z",1.07074,1.07079
"exness","EURUSD","2023-06-08 00:21:40.139Z",1.0707200000000001,1.07079
"exness","EURUSD","2023-06-08 00:21:50.607Z",1.0707,1.07076
"exness","EURUSD","2023-06-08 00:21:50.698Z",1.07069,1.07075
"exness","EURUSD","2023-06-08 00:21:50.746Z",1.07067,1.07073
"exness","EURUSD","2023-06-08 00:22:29.285Z",1.07069,1.07075
"exness","EURUSD","2023-06-08 00:22:29.958Z",1.0707,1.07075
"exness","EURUSD","2023-06-08 00:22:34.579Z",1.07071,1.07077
"exness","EURUSD","2023-06-08 00:22:36.179Z",1.0707200000000001,1.07078
"exness","EURUSD","2023-06-08 00:22:47.354Z",1.0707200000000001,1.07077
"exness","EURUSD","2023-06-08 00:22:51.584Z",1.0707,1.07076
"exness","EURUSD","2023-06-08 00:23:00.070Z",1.07071,1.07077
"exness","EURUSD","2023-06-08 00:23:05.072Z",1.07073,1.07079
"exness","EURUSD","2023-06-08 00:23:05.216Z",1.07074,1.07081
"exness","EURUSD","2023-06-08 00:23:05.268Z",1.07076,1.0708199999999999
"exness","EURUSD","2023-06-08 00:23:06.389Z",1.07077,1.07083
"exness","EURUSD","2023-06-08 00:23:11.535Z",1.07076,1.0708199999999999
"exness","EURUSD","2023-06-08 00:23:16.291Z",1.07077,1.0708199999999999
"exness","EURUSD","2023-06-08 00:23:25.802Z",1.07078,1.07084
"exness","EURUSD","2023-06-08 00:23:29.076Z",1.07079,1.07086
"exness","EURUSD","2023-06-08 00:23:30.117Z",1.07081,1.07087
"exness","EURUSD","2023-06-08 00:23:35.270Z",1.0708,1.07085
"exness","EURUSD","2023-06-08 00:23:39.652Z",1.07079,1.07085
"exness","EURUSD","2023-06-08 00:23:39.695Z",1.07077,1.07083
"exness","EURUSD","2023-06-08 00:23:39.893Z",1.07077,1.0708199999999999
"exness","EURUSD","2023-06-08 00:23:47.007Z",1.07077,1.07083
"exness","EURUSD","2023-06-08 00:24:00.769Z",1.07075,1.0708199999999999
"exness","EURUSD","2023-06-08 00:24:13.760Z",1.07073,1.07079
"exness","EURUSD","2023-06-08 00:24:24.652Z",1.0707200000000001,1.07078
"exness","EURUSD","2023-06-08 00:24:26.122Z",1.07071,1.07076
"exness","EURUSD","2023-06-08 00:24:31.164Z",1.0707,1.07076
"exness","EURUSD","2023-06-08 00:24:54.058Z",1.07069,1.07075
"exness","EURUSD","2023-06-08 00:25:02.436Z",1.07069,1.07074
"exness","EURUSD","2023-06-08 00:25:09.130Z",1.07069,1.07076
"exness","EURUSD","2023-06-08 00:25:17.226Z",1.07068,1.07074
"exness","EURUSD","2023-06-08 00:25:26.058Z",1.07069,1.07074
"exness","EURUSD","2023-06-08 00:25:42.582Z",1.0707,1.07076
"exness","EURUSD","2023-06-08 00:25:49.152Z",1.07071,1.07077
"exness","EURUSD","2023-06-08 00:25:49.188Z",1.07073,1.07079
"exness","EURUSD","2023-06-08 00:25:49.422Z",1.07074,1.07081
"exness","EURUSD","2023-06-08 00:25:49.800Z",1.07076,1.0708199999999999
"exness","EURUSD","2023-06-08 00:26:05.402Z",1.07077,1.07083
"exness","EURUSD","2023-06-08 00:26:12.201Z",1.07079,1.07085
"exness","EURUSD","2023-06-08 00:26:13.412Z",1.07078,1.07084
"exness","EURUSD","2023-06-08 00:26:17.436Z",1.07077,1.0708199999999999
"exness","EURUSD","2023-06-08 00:26:21.353Z",1.07078,1.07084
"exness","EURUSD","2023-06-08 00:26:58.270Z",1.07077,1.07083
"exness","EURUSD","2023-06-08 00:27:19.414Z",1.07075,1.0708
"exness","EURUSD","2023-06-08 00:27:19.453Z",1.07074,1.0708
"exness","EURUSD","2023-06-08 00:27:26.132Z",1.07075,1.0708
"exness","EURUSD","2023-06-08 00:27:43.790Z",1.07076,1.0708199999999999
"exness","EURUSD","2023-06-08 00:27:50.645Z",1.07075,1.07081
"exness","EURUSD","2023-06-08 00:27:50.660Z",1.07073,1.07079
"exness","EURUSD","2023-06-08 00:27:52.391Z",1.0707200000000001,1.07078
"exness","EURUSD","2023-06-08 00:28:14.387Z",1.07074,1.0708
"exness","EURUSD","2023-06-08 00:28:21.444Z",1.07073,1.07079
"exness","EURUSD","2023-06-08 00:28:22.418Z",1.0707200000000001,1.07077
"exness","EURUSD","2023-06-08 00:28:23.430Z",1.07071,1.07077
"exness","EURUSD","2023-06-08 00:29:16.985Z",1.0707200000000001,1.07078
"exness","EURUSD","2023-06-08 00:29:20.634Z",1.07071,1.07077
"exness","EURUSD","2023-06-08 00:29:34.476Z",1.07071,1.07076
"exness","EURUSD","2023-06-08 00:29:56.142Z",1.07069,1.07075
"exness","EURUSD","2023-06-08 00:29:57.430Z",1.07068,1.07074
"exness","EURUSD","2023-06-08 00:30:00.374Z",1.07069,1.07075
"exness","EURUSD","2023-06-08 00:30:01.216Z",1.07071,1.07077
"exness","EURUSD","2023-06-08 00:30:02.822Z",1.0707200000000001,1.07077
"exness","EURUSD","2023-06-08 00:30:15.060Z",1.07073,1.07079
"exness","EURUSD","2023-06-08 00:30:16.173Z",1.07075,1.0708
"exness","EURUSD","2023-06-08 00:30:23.554Z",1.07076,1.0708199999999999
"exness","EURUSD","2023-06-08 00:30:24.767Z",1.07077,1.07083
"exness","EURUSD","2023-06-08 00:30:34.281Z",1.07078,1.07084
"exness","EURUSD","2023-06-08 00:30:40.108Z",1.0708,1.07085
"exness","EURUSD","2023-06-08 00:30:42.259Z",1.07078,1.07084
"exness","EURUSD","2023-06-08 00:30:47.770Z",1.07078,1.07083
"exness","EURUSD","2023-06-08 00:30:52.680Z",1.07079,1.07085
"exness","EURUSD","2023-06-08 00:30:53.073Z",1.07081,1.07087
"exness","EURUSD","2023-06-08 00:30:57.543Z",1.07079,1.07085
"exness","EURUSD","2023-06-08 00:31:11.074Z",1.07079,1.07084
"exness","EURUSD","2023-06-08 00:31:17.532Z",1.07078,1.07084
"exness","EURUSD","2023-06-08 00:31:25.488Z",1.0708,1.07087
"exness","EURUSD","2023-06-08 00:31:25.566Z",1.0708199999999999,1.07088
"exness","EURUSD","2023-06-08 00:31:25.606Z",1.07083,1.0709
"exness","EURUSD","2023-06-08 00:31:25.625Z",1.07085,1.07091
"exness","EURUSD","2023-06-08 00:31:25.737Z",1.07086,1.07093
"exness","EURUSD","2023-06-08 00:31:44.016Z",1.07084,1.0709
"exness","EURUSD","2023-06-08 00:32:15.775Z",1.07087,1.07093
"exness","EURUSD","2023-06-08 00:32:15.874Z",1.07088,1.07094
"exness","EURUSD","2023-06-08 00:32:36.237Z",1.07087,1.07093
"exness","EURUSD","2023-06-08 00:32:40.292Z",1.07086,1.07092
"exness","EURUSD","2023-06-08 00:32:40.307Z",1.07084,1.0709
"exness","EURUSD","2023-06-08 00:32:46.962Z",1.07083,1.07089
"exness","EURUSD","2023-06-08 00:33:00.832Z",1.07081,1.07087
"exness","EURUSD","2023-06-08 00:33:00.922Z",1.07079,1.07086
"exness","EURUSD","2023-06-08 00:33:22.390Z",1.07081,1.07087
"exness","EURUSD","2023-06-08 00:33:28.467Z",1.07083,1.07088
"exness","EURUSD","2023-06-08 00:33:35.957Z",1.07084,1.0709
"exness","EURUSD","2023-06-08 00:33:41.488Z",1.07085,1.0709
"exness","EURUSD","2023-06-08 00:33:46.427Z",1.07086,1.07092
"exness","EURUSD","2023-06-08 00:33:46.510Z",1.07088,1.07094
"exness","EURUSD","2023-06-08 00:33:46.546Z",1.07089,1.07096
"exness","EURUSD","2023-06-08 00:33:55.058Z",1.07088,1.07095
"exness","EURUSD","2023-06-08 00:34:01.201Z",1.07087,1.07093
"exness","EURUSD","2023-06-08 00:34:10.012Z",1.07084,1.07091
"exness","EURUSD","2023-06-08 00:34:11.694Z",1.07083,1.0709
"exness","EURUSD","2023-06-08 00:34:16.106Z",1.07083,1.07088
"exness","EURUSD","2023-06-08 00:34:25.605Z",1.07081,1.07087
"exness","EURUSD","2023-06-08 00:34:35.716Z",1.07079,1.07085
"exness","EURUSD","2023-06-08 00:34:42.551Z",1.07078,1.07083
"exness","EURUSD","2023-06-08 00:34:43.896Z",1.07078,1.07084
"exness","EURUSD","2023-06-08 00:34:45.380Z",1.07077,1.07083
"exness","EURUSD","2023-06-08 00:35:29.074Z",1.07077,1.0708199999999999
"exness","EURUSD","2023-06-08 00:35:36.803Z",1.07076,1.0708199999999999
"exness","EURUSD","2023-06-08 00:35:41.366Z",1.07074,1.0708
"exness","EURUSD","2023-06-08 00:35:43.267Z",1.07073,1.07079
"exness","EURUSD","2023-06-08 00:35:53.707Z",1.0707200000000001,1.07078
"exness","EURUSD","2023-06-08 00:36:22.834Z",1.0707,1.07076
"exness","EURUSD","2023-06-08 00:36:36.072Z",1.07071,1.07077
"exness","EURUSD","2023-06-08 00:36:53.059Z",1.0707,1.07076
"exness","EURUSD","2023-06-08 00:36:54.047Z",1.07069,1.07074
"exness","EURUSD","2023-06-08 00:37:09.617Z",1.07068,1.07074
"exness","EURUSD","2023-06-08 00:37:13.095Z",1.0707,1.07075
"exness","EURUSD","2023-06-08 00:37:19.194Z",1.0707,1.07076
"exness","EURUSD","2023-06-08 00:37:21.932Z",1.07069,1.07075
"exness","EURUSD","2023-06-08 00:37:35.401Z",1.07068,1.07073
"exness","EURUSD","2023-06-08 00:37:36.667Z",1.07069,1.07075
"exness","EURUSD","2023-06-08 00:37:44.458Z",1.07071,1.07077
"exness","EURUSD","2023-06-08 00:37:46.663Z",1.0707200000000001,1.07078
"exness","EURUSD","2023-06-08 00:37:50.288Z",1.07074,1.0708
"exness","EURUSD","2023-06-08 00:38:01.807Z",1.07076,1.0708199999999999
"exness","EURUSD","2023-06-08 00:38:02.747Z",1.07077,1.0708199999999999
"exness","EURUSD","2023-06-08 00:38:06.971Z",1.07077,1.07083
"exness","EURUSD","2023-06-08 00:38:11.536Z",1.07076,1.0708199999999999
"exness","EURUSD","2023-06-08 00:38:13.819Z",1.07075,1.07081
"exness","EURUSD","2023-06-08 00:38:16.516Z",1.07074,1.0708
"exness","EURUSD","2023-06-08 00:38:23.660Z",1.07075,1.07081
"exness","EURUSD","2023-06-08 00:38:29.982Z",1.07076,1.0708199999999999
"exness","EURUSD","2023-06-08 00:38:33.367Z",1.07075,1.07081
"exness","EURUSD","2023-06-08 00:38:36.702Z",1.0707200000000001,1.07078
"exness","EURUSD","2023-06-08 00:38:44.972Z",1.07071,1.07077
"exness","EURUSD","2023-06-08 00:38:46.476Z",1.0707,1.07076
"exness","EURUSD","2023-06-08 00:39:13.886Z",1.07068,1.07075
"exness","EURUSD","2023-06-08 00:39:19.853Z",1.0707,1.07075
"exness","EURUSD","2023-06-08 00:39:28.515Z",1.07071,1.07077
"exness","EURUSD","2023-06-08 00:39:35.552Z",1.0707200000000001,1.07077
"exness","EURUSD","2023-06-08 00:40:12.308Z",1.07073,1.0708
"exness","EURUSD","2023-06-08 00:40:18.350Z",1.07075,1.0708
"exness","EURUSD","2023-06-08 00:40:24.447Z",1.07076,1.0708199999999999
"exness","EURUSD","2023-06-08 00:40:29.758Z",1.07075,1.07081
"exness","EURUSD","2023-06-08 00:40:32.679Z",1.07074,1.07079
"exness","EURUSD","2023-06-08 00:40:35.662Z",1.07073,1.07079
"exness","EURUSD","2023-06-08 00:40:36.002Z",1.07071,1.07077
"exness","EURUSD","2023-06-08 00:40:36.027Z",1.07071,1.07076
"exness","EURUSD","2023-06-08 00:40:37.099Z",1.07069,1.07076
"exness","EURUSD","2023-06-08 00:40:57.791Z",1.07067,1.07074
"exness","EURUSD","2023-06-08 00:40:59.840Z",1.07069,1.07074
"exness","EURUSD","2023-06-08 00:41:25.622Z",1.07067,1.07074
"exness","EURUSD","2023-06-08 00:41:26.812Z",1.07067,1.0707200000000001
"exness","EURUSD","2023-06-08 00:41:31.028Z",1.07066,1.0707200000000001
"exness","EURUSD","2023-06-08 00:41:31.141Z",1.07067,1.0707200000000001
"exness","EURUSD","2023-06-08 00:41:55.013Z",1.07066,1.0707200000000001
"exness","EURUSD","2023-06-08 00:41:56.195Z",1.07065,1.07071
"exness","EURUSD","2023-06-08 00:42:21.257Z",1.07067,1.0707200000000001
"exness","EURUSD","2023-06-08 00:42:21.561Z",1.07067,1.07074
"exness","EURUSD","2023-06-08 00:42:21.573Z",1.07069,1.07075
"exness","EURUSD","2023-06-08 00:42:21.984Z",1.0707,1.07075
"exness","EURUSD","2023-06-08 00:42:24.360Z",1.07071,1.07077
"exness","EURUSD","2023-06-08 00:42:29.987Z",1.0707,1.07075
"exness","EURUSD","2023-06-08 00:42:33.160Z",1.0707,1.07077
"exness","EURUSD","2023-06-08 00:42:34.892Z",1.07071,1.07078
"exness","EURUSD","2023-06-08 00:43:05.217Z",1.0707,1.07076
"exness","EURUSD","2023-06-08 00:43:05.302Z",1.07069,1.07074
"exness","EURUSD","2023-06-08 00:43:18.341Z",1.07068,1.07074
"exness","EURUSD","2023-06-08 00:43:33.529Z",1.07068,1.07073
"exness","EURUSD","2023-06-08 00:43:54.396Z",1.07067,1.0707200000000001
"exness","EURUSD","2023-06-08 00:43:59.165Z",1.07067,1.07073
"exness","EURUSD","2023-06-08 00:44:04.102Z",1.07069,1.07075
"exness","EURUSD","2023-06-08 00:44:04.432Z",1.0707,1.07075
"exness","EURUSD","2023-06-08 00:44:17.630Z",1.0707,1.07076
"exness","EURUSD","2023-06-08 00:44:24.700Z",1.07069,1.07075
"exness","EURUSD","2023-06-08 00:44:24.716Z",1.07067,1.07073
"exness","EURUSD","2023-06-08 00:44:24.743Z",1.07066,1.0707200000000001
"exness","EURUSD","2023-06-08 00:44:26.911Z",1.07063,1.07069
"exness","EURUSD","2023-06-08 00:44:29.175Z",1.07064,1.07071
"exness","EURUSD","2023-06-08 00:44:38.290Z",1.07066,1.0707200000000001
"exness","EURUSD","2023-06-08 00:44:43.670Z",1.07067,1.07073
"exness","EURUSD","2023-06-08 00:44:55.136Z",1.07069,1.07075
"exness","EURUSD","2023-06-08 00:45:03.688Z",1.07068,1.07074
"exness","EURUSD","2023-06-08 00:45:12.156Z",1.07067,1.07073
"exness","EURUSD","2023-06-08 00:45:33.230Z",1.07065,1.07071
"exness","EURUSD","2023-06-08 00:45:35.643Z",1.07064,1.0707
"exness","EURUSD","2023-06-08 00:45:36.707Z",1.07065,1.0707
"exness","EURUSD","2023-06-08 00:45:39.800Z",1.07065,1.0707200000000001
"exness","EURUSD","2023-06-08 00:45:56.883Z",1.07068,1.07073
"exness","EURUSD","2023-06-08 00:45:59.324Z",1.07067,1.07074
"exness","EURUSD","2023-06-08 00:46:10.168Z",1.07066,1.07073
"exness","EURUSD","2023-06-08 00:46:11.075Z",1.07065,1.07071
"exness","EURUSD","2023-06-08 00:46:11.235Z",1.07063,1.0707
"exness","EURUSD","2023-06-08 00:46:11.671Z",1.07063,1.07068
"exness","EURUSD","2023-06-08 00:46:15.409Z",1.07064,1.0707
"exness","EURUSD","2023-06-08 00:46:23.189Z",1.07065,1.0707
"exness","EURUSD","2023-06-08 00:46:24.469Z",1.07066,1.0707200000000001
"exness","EURUSD","2023-06-08 00:46:32.500Z",1.07068,1.07073
"exness","EURUSD","2023-06-08 00:46:33.916Z",1.07068,1.07074
"exness","EURUSD","2023-06-08 00:46:37.266Z",1.0707,1.07076
"exness","EURUSD","2023-06-08 00:46:51.921Z",1.0707,1.07075
"exness","EURUSD","2023-06-08 00:46:52.398Z",1.0707,1.07076
"exness","EURUSD","2023-06-08 00:46:53.896Z",1.0707,1.07075
"exness","EURUSD","2023-06-08 00:46:58.340Z",1.07071,1.07077
"exness","EURUSD","2023-06-08 00:47:08.421Z",1.0707200000000001,1.07079
"exness","EURUSD","2023-06-08 00:47:13.732Z",1.07074,1.0708
"exness","EURUSD","2023-06-08 00:47:15.784Z",1.07073,1.07079
"exness","EURUSD","2023-06-08 00:47:21.602Z",1.07071,1.07078
"exness","EURUSD","2023-06-08 00:48:01.210Z",1.0707200000000001,1.07079
"exness","EURUSD","2023-06-08 00:48:01.251Z",1.07074,1.0708
"exness","EURUSD","2023-06-08 00:48:01.289Z",1.07076,1.0708199999999999
"exness","EURUSD","2023-06-08 00:48:03.465Z",1.07075,1.07081
"exness","EURUSD","2023-06-08 00:48:08.219Z",1.07076,1.07083
"exness","EURUSD","2023-06-08 00:48:19.964Z",1.07075,1.07081
"exness","EURUSD","2023-06-08 00:48:20.032Z",1.07073,1.0708
"exness","EURUSD","2023-06-08 00:48:20.070Z",1.0707200000000001,1.07078
"exness","EURUSD","2023-06-08 00:48:21.350Z",1.07071,1.07076
"exness","EURUSD","2023-06-08 00:48:27.250Z",1.0707,1.07077
"exness","EURUSD","2023-06-08 00:48:42.422Z",1.0707200000000001,1.07078
"exness","EURUSD","2023-06-08 00:48:44.948Z",1.07073,1.07078
"exness","EURUSD","2023-06-08 00:48:46.552Z",1.07071,1.07078
"exness","EURUSD","2023-06-08 00:48:55.573Z",1.07071,1.07076
"exness","EURUSD","2023-06-08 00:49:03.418Z",1.0707,1.07076
"exness","EURUSD","2023-06-08 00:49:07.331Z",1.0707200000000001,1.07078
"exness","EURUSD","2023-06-08 00:49:13.751Z",1.07074,1.07079
"exness","EURUSD","2023-06-08 00:49:28.347Z",1.0707200000000001,1.07079
"exness","EURUSD","2023-06-08 00:49:30.145Z",1.07074,1.0708
"exness","EURUSD","2023-06-08 00:49:39.048Z",1.07075,1.0708
"exness","EURUSD","2023-06-08 00:49:40.045Z",1.07075,1.0708199999999999
"exness","EURUSD","2023-06-08 00:49:45.328Z",1.07077,1.0708199999999999
"exness","EURUSD","2023-06-08 00:50:07.522Z",1.07075,1.07081
"exness","EURUSD","2023-06-08 00:50:09.754Z",1.07075,1.0708
"exness","EURUSD","2023-06-08 00:50:11.940Z",1.07075,1.07081
"exness","EURUSD","2023-06-08 00:50:17.587Z",1.07077,1.0708199999999999
"exness","EURUSD","2023-06-08 00:50:20.611Z",1.07078,1.07084
"exness","EURUSD","2023-06-08 00:50:21.073Z",1.07076,1.0708199999999999
"exness","EURUSD","2023-06-08 00:50:21.171Z",1.07075,1.0708
"exness","EURUSD","2023-06-08 00:50:23.968Z",1.07074,1.0708
"exness","EURUSD","2023-06-08 00:50:26.138Z",1.07073,1.07079
"exness","EURUSD","2023-06-08 00:50:35.228Z",1.07071,1.07077
"exness","EURUSD","2023-06-08 00:50:47.671Z",1.0707200000000001,1.07078
"exness","EURUSD","2023-06-08 00:50:49.959Z",1.07074,1.0708
"exness","EURUSD","2023-06-08 00:50:58.522Z",1.07075,1.0708199999999999
"exness","EURUSD","2023-06-08 00:51:00.225Z",1.07077,1.07083
"exness","EURUSD","2023-06-08 00:51:00.966Z",1.07079,1.07085
"exness","EURUSD","2023-06-08 00:51:01.784Z",1.07081,1.07086
"exness","EURUSD","2023-06-08 00:51:02.374Z",1.07081,1.07087
"exness","EURUSD","2023-06-08 00:51:04.955Z",1.0708199999999999,1.07087
"exness","EURUSD","2023-06-08 00:51:21.507Z",1.07081,1.07087
"exness","EURUSD","2023-06-08 00:51:40.882Z",1.0708199999999999,1.07088
"exness","EURUSD","2023-06-08 00:51:45.112Z",1.0708,1.07087
"exness","EURUSD","2023-06-08 00:51:45.608Z",1.0708,1.07085
"exness","EURUSD","2023-06-08 00:51:47.667Z",1.07081,1.07087
"exness","EURUSD","2023-06-08 00:51:50.420Z",1.0708199999999999,1.07087
"exness","EURUSD","2023-06-08 00:52:00.364Z",1.07084,1.0709
"exness","EURUSD","2023-06-08 00:52:03.353Z",1.07083,1.07089
"exness","EURUSD","2023-06-08 00:52:05.740Z",1.0708199999999999,1.07087
"exness","EURUSD","2023-06-08 00:52:08.153Z",1.07081,1.07087
"exness","EURUSD","2023-06-08 00:52:12.030Z",1.07081,1.07086
"exness","EURUSD","2023-06-08 00:52:21.787Z",1.07079,1.07085
"exness","EURUSD","2023-06-08 00:52:21.822Z",1.0708,1.07086
"exness","EURUSD","2023-06-08 00:52:37.507Z",1.07081,1.07088
"exness","EURUSD","2023-06-08 00:52:42.617Z",1.0708,1.07086
"exness","EURUSD","2023-06-08 00:52:43.625Z",1.07079,1.07085
"exness","EURUSD","2023-06-08 00:52:44.924Z",1.0708,1.07086
"exness","EURUSD","2023-06-08 00:52:45.872Z",1.0708199999999999,1.07087
"exness","EURUSD","2023-06-08 00:52:51.069Z",1.0708199999999999,1.07088
"exness","EURUSD","2023-06-08 00:53:05.975Z",1.07081,1.07086
"exness","EURUSD","2023-06-08 00:53:09.032Z",1.0708,1.07086
"exness","EURUSD","2023-06-08 00:53:15.536Z",1.0708199999999999,1.07088
"exness","EURUSD","2023-06-08 00:53:18.068Z",1.0708199999999999,1.07087
"exness","EURUSD","2023-06-08 00:53:28.961Z",1.0708199999999999,1.07088
"exness","EURUSD","2023-06-08 00:53:29.948Z",1.07081,1.07087
"exness","EURUSD","2023-06-08 00:53:30.348Z",1.07079,1.07085
"exness","EURUSD","2023-06-08 00:53:31.444Z",1.0708,1.07085
"exness","EURUSD","2023-06-08 00:53:32.562Z",1.07079,1.07085
"exness","EURUSD","2023-06-08 00:53:33.704Z",1.07078,1.07084
"exness","EURUSD","2023-06-08 00:53:51.736Z",1.07075,1.0708199999999999
"exness","EURUSD","2023-06-08 00:53:51.790Z",1.07074,1.0708
"exness","EURUSD","2023-06-08 00:53:57.767Z",1.0707200000000001,1.07079
"exness","EURUSD","2023-06-08 00:54:05.160Z",1.07071,1.07077
"exness","EURUSD","2023-06-08 00:54:16.932Z",1.0707200000000001,1.07078
"exness","EURUSD","2023-06-08 00:54:19.008Z",1.0707,1.07076
"exness","EURUSD","2023-06-08 00:54:19.021Z",1.07069,1.07075
"exness","EURUSD","2023-06-08 00:54:24.234Z",1.07067,1.07073
"exness","EURUSD","2023-06-08 00:54:25.308Z",1.07066,1.0707200000000001
"exness","EURUSD","2023-06-08 00:54:28.793Z",1.07064,1.07071
"exness","EURUSD","2023-06-08 00:54:28.834Z",1.07064,1.07069
"exness","EURUSD","2023-06-08 00:54:30.168Z",1.07064,1.0707
"exness","EURUSD","2023-06-08 00:54:31.182Z",1.07066,1.0707200000000001
"exness","EURUSD","2023-06-08 00:54:32.366Z",1.07068,1.07074
"exness","EURUSD","2023-06-08 00:54:32.378Z",1.0707,1.07076
"exness","EURUSD","2023-06-08 00:54:32.521Z",1.07071,1.07078
"exness","EURUSD","2023-06-08 00:54:32.547Z",1.07073,1.07079
"exness","EURUSD","2023-06-08 00:54:34.260Z",1.07075,1.07081
"exness","EURUSD","2023-06-08 00:54:34.354Z",1.07077,1.07083
"exness","EURUSD","2023-06-08 00:54:34.359Z",1.07078,1.07084
"exness","EURUSD","2023-06-08 00:54:35.011Z",1.07076,1.07083
"exness","EURUSD","2023-06-08 00:54:35.175Z",1.07078,1.07084
"exness","EURUSD","2023-06-08 00:54:35.676Z",1.07076,1.07083
"exness","EURUSD","2023-06-08 00:54:36.529Z",1.07075,1.07081
"exness","EURUSD","2023-06-08 00:54:36.645Z",1.07073,1.0708
"exness","EURUSD","2023-06-08 00:54:38.156Z",1.07075,1.0708199999999999
"exness","EURUSD","2023-06-08 00:54:38.169Z",1.07077,1.07083
"exness","EURUSD","2023-06-08 00:54:38.187Z",1.07079,1.07085
"exness","EURUSD","2023-06-08 00:54:39.124Z",1.0708,1.07086
"exness","EURUSD","2023-06-08 00:54:41.172Z",1.0708199999999999,1.07088
"exness","EURUSD","2023-06-08 00:54:41.324Z",1.07084,1.0709
"exness","EURUSD","2023-06-08 00:54:42.016Z",1.0708199999999999,1.07088
"exness","EURUSD","2023-06-08 00:54:43.264Z",1.07084,1.07089
"exness","EURUSD","2023-06-08 00:54:45.167Z",1.07085,1.07091
"exness","EURUSD","2023-06-08 00:54:45.193Z",1.07087,1.07092
"exness","EURUSD","2023-06-08 00:54:45.264Z",1.07085,1.0709
"exness","EURUSD","2023-06-08 00:54:45.325Z",1.07084,1.0709
"exness","EURUSD","2023-06-08 00:54:45.365Z",1.0708199999999999,1.07089
"exness","EURUSD","2023-06-08 00:54:45.904Z",1.07081,1.07087
"exness","EURUSD","2023-06-08 00:54:47.199Z",1.07079,1.07085
"exness","EURUSD","2023-06-08 00:54:49.258Z",1.07081,1.07086
"exness","EURUSD","2023-06-08 00:54:50.177Z",1.07081,1.07088
"exness","EURUSD","2023-06-08 00:54:50.812Z",1.07083,1.07088
"exness","EURUSD","2023-06-08 00:54:52.174Z",1.07085,1.07091
"exness","EURUSD","2023-06-08 00:54:52.357Z",1.07086,1.07092
"exness","EURUSD","2023-06-08 00:54:52.368Z",1.07088,1.07094
"exness","EURUSD","2023-06-08 00:54:53.166Z",1.07089,1.07094
"exness","EURUSD","2023-06-08 00:54:53.252Z",1.0709,1.07096
"exness","EURUSD","2023-06-08 00:54:54.425Z",1.07088,1.07095
"exness","EURUSD","2023-06-08 00:54:54.454Z",1.07087,1.07093
"exness","EURUSD","2023-06-08 00:54:54.468Z",1.07085,1.07092
"exness","EURUSD","2023-06-08 00:54:54.682Z",1.07084,1.0709
"exness","EURUSD","2023-06-08 00:54:54.711Z",1.0708199999999999,1.07088
"exness","EURUSD","2023-06-08 00:54:55.499Z",1.07084,1.0709
"exness","EURUSD","2023-06-08 00:54:55.688Z",1.07086,1.07091
"exness","EURUSD","2023-06-08 00:54:56.159Z",1.07086,1.07092
"exness","EURUSD","2023-06-08 00:54:56.172Z",1.07088,1.07094
"exness","EURUSD","2023-06-08 00:54:56.321Z",1.07086,1.07092
"exness","EURUSD","2023-06-08 00:54:57.645Z",1.07087,1.07094
"exness","EURUSD","2023-06-08 00:54:59.137Z",1.07089,1.07095
"exness","EURUSD","2023-06-08 00:54:59.145Z",1.0709,1.07097
"exness","EURUSD","2023-06-08 00:54:59.211Z",1.07089,1.07095
"exness","EURUSD","2023-06-08 00:55:00.147Z",1.07087,1.07094
"exness","EURUSD","2023-06-08 00:55:00.252Z",1.07089,1.07094
"exness","EURUSD","2023-06-08 00:55:00.297Z",1.07089,1.07096
"exness","EURUSD","2023-06-08 00:55:00.428Z",1.07091,1.07097
"exness","EURUSD","2023-06-08 00:55:00.471Z",1.07092,1.07097
"exness","EURUSD","2023-06-08 00:55:00.836Z",1.07091,1.07097
"exness","EURUSD","2023-06-08 00:55:03.169Z",1.07089,1.07096
"exness","EURUSD","2023-06-08 00:55:05.461Z",1.07091,1.07098
"exness","EURUSD","2023-06-08 00:55:11.840Z",1.07089,1.07095
"exness","EURUSD","2023-06-08 00:55:11.864Z",1.07087,1.07093
"exness","EURUSD","2023-06-08 00:55:12.035Z",1.07086,1.07091
"exness","EURUSD","2023-06-08 00:55:13.355Z",1.07086,1.07093
"exness","EURUSD","2023-06-08 00:55:17.721Z",1.07085,1.07091
"exness","EURUSD","2023-06-08 00:55:20.088Z",1.07083,1.07089
"exness","EURUSD","2023-06-08 00:55:20.295Z",1.07081,1.07088
"exness","EURUSD","2023-06-08 00:55:21.298Z",1.0708,1.07086
"exness","EURUSD","2023-06-08 00:55:25.302Z",1.07081,1.07088
"exness","EURUSD","2023-06-08 00:55:27.794Z",1.0708,1.07086
"exness","EURUSD","2023-06-08 00:55:27.814Z",1.07078,1.07084
"exness","EURUSD","2023-06-08 00:55:28.455Z",1.07078,1.07083
"exness","EURUSD","2023-06-08 00:55:29.455Z",1.07077,1.07084
"exness","EURUSD","2023-06-08 00:55:46.362Z",1.0708,1.07085
"exness","EURUSD","2023-06-08 00:55:50.981Z",1.0708,1.07086
"exness","EURUSD","2023-06-08 00:55:53.080Z",1.07078,1.07085
"exness","EURUSD","2023-06-08 00:55:54.250Z",1.07077,1.07083
"exness","EURUSD","2023-06-08 00:55:57.481Z",1.07077,1.0708199999999999
"exness","EURUSD","2023-06-08 00:56:02.081Z",1.07078,1.07084
"exness","EURUSD","2023-06-08 00:56:03.913Z",1.07081,1.07087
"exness","EURUSD","2023-06-08 00:56:04.225Z",1.0708199999999999,1.07088
"exness","EURUSD","2023-06-08 00:56:05.148Z",1.07084,1.07089
"exness","EURUSD","2023-06-08 00:56:07.360Z",1.07084,1.0709
"exness","EURUSD","2023-06-08 00:56:09.462Z",1.07085,1.07092
"exness","EURUSD","2023-06-08 00:56:13.053Z",1.07086,1.07093
"exness","EURUSD","2023-06-08 00:56:14.701Z",1.07088,1.07093
"exness","EURUSD","2023-06-08 00:56:17.430Z",1.07087,1.07093
"exness","EURUSD","2023-06-08 00:56:28.829Z",1.07087,1.07092
"exness","EURUSD","2023-06-08 00:56:31.220Z",1.07087,1.07093
"exness","EURUSD","2023-06-08 00:56:33.594Z",1.07089,1.07095
"exness","EURUSD","2023-06-08 00:56:42.429Z",1.07091,1.07097
"exness","EURUSD","2023-06-08 00:56:47.590Z",1.07092,1.07097
"exness","EURUSD","2023-06-08 00:56:55.656Z",1.07093,1.071
"exness","EURUSD","2023-06-08 00:56:55.922Z",1.07095,1.071
"exness","EURUSD","2023-06-08 00:57:00.292Z",1.07095,1.07102
"exness","EURUSD","2023-06-08 00:57:07.085Z",1.07093,1.071
"exness","EURUSD","2023-06-08 00:57:07.270Z",1.07092,1.07098
"exness","EURUSD","2023-06-08 00:57:23.931Z",1.07092,1.07097
"exness","EURUSD","2023-06-08 00:57:23.969Z",1.0709,1.07096
"exness","EURUSD","2023-06-08 00:57:30.681Z",1.07093,1.07099
"exness","EURUSD","2023-06-08 00:57:34.827Z",1.07094,1.07099
"exness","EURUSD","2023-06-08 00:57:37.407Z",1.07092,1.07098
"exness","EURUSD","2023-06-08 00:57:42.203Z",1.0709,1.07096
"exness","EURUSD","2023-06-08 00:57:43.212Z",1.07088,1.07095
"exness","EURUSD","2023-06-08 00:57:59.481Z",1.07087,1.07093
"exness","EURUSD","2023-06-08 00:57:59.850Z",1.07085,1.07091
"exness","EURUSD","2023-06-08 00:58:01.916Z",1.07086,1.07091
"exness","EURUSD","2023-06-08 00:58:09.871Z",1.07087,1.07093
"exness","EURUSD","2023-06-08 00:58:30.658Z",1.07085,1.07091
"exness","EURUSD","2023-06-08 00:58:33.318Z",1.07086,1.07091
"exness","EURUSD","2023-06-08 00:59:06.087Z",1.07085,1.07091
"exness","EURUSD","2023-06-08 00:59:09.828Z",1.07087,1.07092
"exness","EURUSD","2023-06-08 00:59:31.056Z",1.07086,1.07091
"exness","EURUSD","2023-06-08 00:59:31.609Z",1.07084,1.0709
"exness","EURUSD","2023-06-08 00:59:34.558Z",1.07083,1.07088
"exness","EURUSD","2023-06-08 00:59:37.699Z",1.0708199999999999,1.07089
"exness","EURUSD","2023-06-08 00:59:43.182Z",1.07083,1.07088
"exness","EURUSD","2023-06-08 00:59:53.401Z",1.0708199999999999,1.07089
"exness","EURUSD","2023-06-08 01:00:04.121Z",1.07084,1.0709
"exness","EURUSD","2023-06-08 01:00:04.885Z",1.07085,1.0709
"exness","EURUSD","2023-06-08 01:00:07.901Z",1.07086,1.07092
"exness","EURUSD","2023-06-08 01:00:10.187Z",1.07084,1.0709
"exness","EURUSD","2023-06-08 01:00:11.260Z",1.07083,1.07089
"exness","EURUSD","2023-06-08 01:00:11.717Z",1.07081,1.07087
"exness","EURUSD","2023-06-08 01:00:11.767Z",1.0708,1.07086
"exness","EURUSD","2023-06-08 01:00:11.805Z",1.07079,1.07084
"exness","EURUSD","2023-06-08 01:00:11.850Z",1.07078,1.07084
"exness","EURUSD","2023-06-08 01:00:12.280Z",1.07076,1.0708199999999999
"exness","EURUSD","2023-06-08 01:00:12.362Z",1.07076,1.07081
"exness","EURUSD","2023-06-08 01:00:14.500Z",1.07077,1.07083
"exness","EURUSD","2023-06-08 01:00:17.690Z",1.07078,1.07084
"exness","EURUSD","2023-06-08 01:00:23.993Z",1.0708,1.07085
"exness","EURUSD","2023-06-08 01:00:26.066Z",1.0708,1.07086
"exness","EURUSD","2023-06-08 01:00:29.415Z",1.07077,1.07084
"exness","EURUSD","2023-06-08 01:00:29.447Z",1.07076,1.0708199999999999
"exness","EURUSD","2023-06-08 01:00:41.629Z",1.07077,1.07083
"exness","EURUSD","2023-06-08 01:00:46.553Z",1.07079,1.07084
"exness","EURUSD","2023-06-08 01:00:47.684Z",1.07077,1.07084
"exness","EURUSD","2023-06-08 01:00:51.565Z",1.07078,1.07085
"exness","EURUSD","2023-06-08 01:00:56.251Z",1.0708,1.07086
"exness","EURUSD","2023-06-08 01:01:14.818Z",1.0708199999999999,1.07088
"exness","EURUSD","2023-06-08 01:01:22.064Z",1.0708,1.07086
"exness","EURUSD","2023-06-08 01:01:22.406Z",1.07079,1.07084
"exness","EURUSD","2023-06-08 01:01:25.975Z",1.07078,1.07084
"exness","EURUSD","2023-06-08 01:01:27.203Z",1.07077,1.07083
"exness","EURUSD","2023-06-08 01:01:29.553Z",1.07075,1.07081
"exness","EURUSD","2023-06-08 01:01:31.351Z",1.07073,1.07079
"exness","EURUSD","2023-06-08 01:01:31.449Z",1.0707200000000001,1.07078
"exness","EURUSD","2023-06-08 01:01:31.525Z",1.0707,1.07076
"exness","EURUSD","2023-06-08 01:01:36.168Z",1.07071,1.07076
"exness","EURUSD","2023-06-08 01:01:42.852Z",1.0707200000000001,1.07079
"exness","EURUSD","2023-06-08 01:01:43.859Z",1.07071,1.07078
"exness","EURUSD","2023-06-08 01:01:44.562Z",1.0707,1.07076
"exness","EURUSD","2023-06-08 01:01:45.126Z",1.0707,1.07075
"exness","EURUSD","2023-06-08 01:01:45.157Z",1.07068,1.07074
"exness","EURUSD","2023-06-08 01:01:47.563Z",1.07067,1.0707200000000001
"exness","EURUSD","2023-06-08 01:01:48.906Z",1.07066,1.0707200000000001
"exness","EURUSD","2023-06-08 01:01:56.998Z",1.07067,1.07073
"exness","EURUSD","2023-06-08 01:01:57.978Z",1.07068,1.07075
"exness","EURUSD","2023-06-08 01:01:58.969Z",1.0707,1.07075
"exness","EURUSD","2023-06-08 01:01:59.971Z",1.07069,1.07075
"exness","EURUSD","2023-06-08 01:02:03.017Z",1.07071,1.07077
"exness","EURUSD","2023-06-08 01:02:15.924Z",1.0707200000000001,1.07078
"exness","EURUSD","2023-06-08 01:02:19.110Z",1.07073,1.07078
"exness","EURUSD","2023-06-08 01:02:20.895Z",1.0707200000000001,1.07078
"exness","EURUSD","2023-06-08 01:02:22.694Z",1.07073,1.07079
"exness","EURUSD","2023-06-08 01:02:22.790Z",1.07074,1.07081
"exness","EURUSD","2023-06-08 01:02:27.245Z",1.07073,1.07079
"exness","EURUSD","2023-06-08 01:02:28.161Z",1.0707200000000001,1.07078
"exness","EURUSD","2023-06-08 01:02:30.045Z",1.07071,1.07076
"exness","EURUSD","2023-06-08 01:02:31.086Z",1.07069,1.07075
"exness","EURUSD","2023-06-08 01:02:52.369Z",1.07071,1.07077
"exness","EURUSD","2023-06-08 01:02:53.405Z",1.0707200000000001,1.07077
"exness","EURUSD","2023-06-08 01:03:05.719Z",1.07073,1.07079
"exness","EURUSD","2023-06-08 01:03:06.113Z",1.07075,1.07081
"exness","EURUSD","2023-06-08 01:03:07.817Z",1.07076,1.0708199999999999
"exness","EURUSD","2023-06-08 01:03:36.994Z",1.07073,1.0708
"exness","EURUSD","2023-06-08 01:03:37.027Z",1.0707200000000001,1.07078
"exness","EURUSD","2023-06-08 01:03:43.359Z",1.07071,1.07077
"exness","EURUSD","2023-06-08 01:03:48.799Z",1.0707200000000001,1.07079
"exness","EURUSD","2023-06-08 01:03:52.059Z",1.07074,1.0708
"exness","EURUSD","2023-06-08 01:03:53.129Z",1.07073,1.07079
"exness","EURUSD","2023-06-08 01:03:53.664Z",1.07074,1.0708
"exness","EURUSD","2023-06-08 01:03:55.540Z",1.07075,1.0708199999999999
"exness","EURUSD","2023-06-08 01:03:57.946Z",1.07077,1.0708199999999999
"exness","EURUSD","2023-06-08 01:03:59.549Z",1.07075,1.07081
"exness","EURUSD","2023-06-08 01:03:59.827Z",1.07073,1.0708
"exness","EURUSD","2023-06-08 01:04:33.243Z",1.07074,1.07081
"exness","EURUSD","2023-06-08 01:04:34.127Z",1.07074,1.07079
"exness","EURUSD","2023-06-08 01:04:36.268Z",1.07075,1.0708
"exness","EURUSD","2023-06-08 01:04:39.577Z",1.07075,1.07081
"exness","EURUSD","2023-06-08 01:04:42.691Z",1.07076,1.07081
"exness","EURUSD","2023-06-08 01:04:42.996Z",1.07076,1.0708199999999999
"exness","EURUSD","2023-06-08 01:04:46.148Z",1.07079,1.07085
"exness","EURUSD","2023-06-08 01:04:46.166Z",1.0708,1.07086
"exness","EURUSD","2023-06-08 01:04:46.258Z",1.0708199999999999,1.07088
"exness","EURUSD","2023-06-08 01:04:50.850Z",1.0708,1.07085
"exness","EURUSD","2023-06-08 01:04:53.198Z",1.07079,1.07085
"exness","EURUSD","2023-06-08 01:04:55.221Z",1.0708,1.07085
"exness","EURUSD","2023-06-08 01:04:56.694Z",1.07079,1.07085
"exness","EURUSD","2023-06-08 01:04:59.447Z",1.0708,1.07085
"exness","EURUSD","2023-06-08 01:05:11.030Z",1.07081,1.07087
"exness","EURUSD","2023-06-08 01:05:12.935Z",1.07083,1.07088
"exness","EURUSD","2023-06-08 01:05:21.258Z",1.07081,1.07088
"exness","EURUSD","2023-06-08 01:05:27.951Z",1.0708199999999999,1.07089
"exness","EURUSD","2023-06-08 01:05:41.156Z",1.07081,1.07087
"exness","EURUSD","2023-06-08 01:05:41.168Z",1.07079,1.07085
"exness","EURUSD","2023-06-08 01:05:41.232Z",1.07078,1.07084
"exness","EURUSD","2023-06-08 01:05:46.043Z",1.07079,1.07085
"exness","EURUSD","2023-06-08 01:05:46.121Z",1.0708,1.07087
"exness","EURUSD","2023-06-08 01:05:46.366Z",1.0708,1.07085
"exness","EURUSD","2023-06-08 01:05:56.977Z",1.07079,1.07085
"exness","EURUSD","2023-06-08 01:06:01.422Z",1.0708,1.07086
"exness","EURUSD","2023-06-08 01:06:02.436Z",1.07081,1.07088
"exness","EURUSD","2023-06-08 01:06:24.694Z",1.07083,1.07089
"exness","EURUSD","2023-06-08 01:06:36.840Z",1.07081,1.07087
"exness","EURUSD","2023-06-08 01:06:36.983Z",1.0708,1.07086
"exness","EURUSD","2023-06-08 01:06:38.028Z",1.07079,1.07085
"exness","EURUSD","2023-06-08 01:06:41.239Z",1.07077,1.07084
"exness","EURUSD","2023-06-08 01:06:41.258Z",1.07076,1.0708199999999999
"exness","EURUSD","2023-06-08 01:06:42.243Z",1.07075,1.0708
"exness","EURUSD","2023-06-08 01:06:42.502Z",1.07076,1.0708199999999999
"exness","EURUSD","2023-06-08 01:06:43.380Z",1.07078,1.07083
"exness","EURUSD","2023-06-08 01:06:43.386Z",1.07078,1.07085
"exness","EURUSD","2023-06-08 01:06:43.432Z",1.0708,1.07086
"exness","EURUSD","2023-06-08 01:06:44.314Z",1.07081,1.07086
"exness","EURUSD","2023-06-08 01:06:46.452Z",1.07081,1.07088
"exness","EURUSD","2023-06-08 01:06:55.071Z",1.0708,1.07087
"exness","EURUSD","2023-06-08 01:07:09.455Z",1.0708199999999999,1.07089
"exness","EURUSD","2023-06-08 01:07:13.532Z",1.07081,1.07087
"exness","EURUSD","2023-06-08 01:07:34.056Z",1.0708199999999999,1.07088
"exness","EURUSD","2023-06-08 01:07:41.749Z",1.07083,1.0709
"exness","EURUSD","2023-06-08 01:07:41.768Z",1.07085,1.07091
"exness","EURUSD","2023-06-08 01:07:41.855Z",1.07087,1.07093
"exness","EURUSD","2023-06-08 01:07:48.912Z",1.07088,1.07094
"exness","EURUSD","2023-06-08 01:07:53.191Z",1.0709,1.07096
"exness","EURUSD","2023-06-08 01:08:00.952Z",1.07089,1.07095
"exness","EURUSD","2023-06-08 01:08:02.730Z",1.0709,1.07095
"exness","EURUSD","2023-06-08 01:08:04.693Z",1.07088,1.07095
"exness","EURUSD","2023-06-08 01:08:06.233Z",1.07089,1.07094
"exness","EURUSD","2023-06-08 01:08:10.866Z",1.07087,1.07093
"exness","EURUSD","2023-06-08 01:08:10.932Z",1.07087,1.07092
"exness","EURUSD","2023-06-08 01:08:12.110Z",1.07087,1.07093
"exness","EURUSD","2023-06-08 01:08:26.001Z",1.07085,1.07092
"exness","EURUSD","2023-06-08 01:08:26.114Z",1.07087,1.07093
"exness","EURUSD","2023-06-08 01:08:54.305Z",1.07088,1.07094
"exness","EURUSD","2023-06-08 01:08:55.005Z",1.0709,1.07096
"exness","EURUSD","2023-06-08 01:09:02.298Z",1.07092,1.07097
"exness","EURUSD","2023-06-08 01:09:07.855Z",1.07091,1.07097
"exness","EURUSD","2023-06-08 01:09:08.540Z",1.07092,1.07097
"exness","EURUSD","2023-06-08 01:09:20.757Z",1.07092,1.07098
"exness","EURUSD","2023-06-08 01:09:32.420Z",1.07094,1.071
"exness","EURUSD","2023-06-08 01:09:32.424Z",1.07095,1.07102
"exness","EURUSD","2023-06-08 01:09:49.451Z",1.07094,1.071
"exness","EURUSD","2023-06-08 01:09:51.688Z",1.07093,1.07098
"exness","EURUSD","2023-06-08 01:10:03.110Z",1.07094,1.07101
"exness","EURUSD","2023-06-08 01:10:03.565Z",1.07096,1.07101
"exness","EURUSD","2023-06-08 01:10:07.079Z",1.07095,1.07101
"exness","EURUSD","2023-06-08 01:10:07.101Z",1.07093,1.07099
"exness","EURUSD","2023-06-08 01:10:07.713Z",1.07092,1.07098
"exness","EURUSD","2023-06-08 01:10:08.862Z",1.0709,1.07096
"exness","EURUSD","2023-06-08 01:10:11.669Z",1.07092,1.07098
"exness","EURUSD","2023-06-08 01:10:11.687Z",1.07093,1.07099
"exness","EURUSD","2023-06-08 01:10:11.695Z",1.07095,1.07101
"exness","EURUSD","2023-06-08 01:10:14.444Z",1.07096,1.07102
"exness","EURUSD","2023-06-08 01:10:26.224Z",1.07098,1.07104
"exness","EURUSD","2023-06-08 01:10:28.794Z",1.07097,1.07102
"exness","EURUSD","2023-06-08 01:10:31.599Z",1.07095,1.07102
"exness","EURUSD","2023-06-08 01:10:35.397Z",1.07094,1.07099
"exness","EURUSD","2023-06-08 01:10:35.492Z",1.07093,1.07099
"exness","EURUSD","2023-06-08 01:10:36.981Z",1.07092,1.07098
"exness","EURUSD","2023-06-08 01:10:49.613Z",1.07091,1.07097
"exness","EURUSD","2023-06-08 01:11:09.411Z",1.07088,1.07095
"exness","EURUSD","2023-06-08 01:11:09.425Z",1.07087,1.07093
"exness","EURUSD","2023-06-08 01:11:09.599Z",1.07085,1.07092
"exness","EURUSD","2023-06-08 01:11:22.111Z",1.07083,1.07089
"exness","EURUSD","2023-06-08 01:11:24.720Z",1.07083,1.07088
"exness","EURUSD","2023-06-08 01:11:51.611Z",1.07081,1.07087
"exness","EURUSD","2023-06-08 01:11:53.641Z",1.0708,1.07086
"exness","EURUSD","2023-06-08 01:12:01.054Z",1.07081,1.07087
"exness","EURUSD","2023-06-08 01:12:34.970Z",1.0708,1.07086
"exness","EURUSD","2023-06-08 01:12:37.113Z",1.07079,1.07085
"exness","EURUSD","2023-06-08 01:12:45.204Z",1.0708,1.07086
"exness","EURUSD","2023-06-08 01:12:51.539Z",1.07081,1.07086
"exness","EURUSD","2023-06-08 01:12:53.675Z",1.07079,1.07085
"exness","EURUSD","2023-06-08 01:12:56.902Z",1.07078,1.07084
"exness","EURUSD","2023-06-08 01:13:05.965Z",1.07076,1.0708199999999999
"exness","EURUSD","2023-06-08 01:13:06.106Z",1.07074,1.0708
"exness","EURUSD","2023-06-08 01:13:07.423Z",1.07073,1.07079
"exness","EURUSD","2023-06-08 01:13:11.327Z",1.07073,1.07078
"exness","EURUSD","2023-06-08 01:13:15.664Z",1.07074,1.0708
"exness","EURUSD","2023-06-08 01:13:16.412Z",1.07076,1.07081
"exness","EURUSD","2023-06-08 01:13:17.523Z",1.07076,1.0708199999999999
"exness","EURUSD","2023-06-08 01:13:22.319Z",1.07075,1.07081
"exness","EURUSD","2023-06-08 01:13:38.834Z",1.07074,1.0708
"exness","EURUSD","2023-06-08 01:13:43.992Z",1.07073,1.07078
"exness","EURUSD","2023-06-08 01:14:09.259Z",1.07074,1.0708
"exness","EURUSD","2023-06-08 01:14:09.532Z",1.07076,1.0708199999999999
"exness","EURUSD","2023-06-08 01:14:10.286Z",1.07075,1.0708
"exness","EURUSD","2023-06-08 01:14:11.291Z",1.07074,1.0708
"exness","EURUSD","2023-06-08 01:14:11.332Z",1.07073,1.07079
"exness","EURUSD","2023-06-08 01:14:16.312Z",1.07071,1.07077
"exness","EURUSD","2023-06-08 01:14:40.809Z",1.07069,1.07075
"exness","EURUSD","2023-06-08 01:15:09.331Z",1.0707,1.07075
"exness","EURUSD","2023-06-08 01:15:16.831Z",1.07068,1.07075
"exness","EURUSD","2023-06-08 01:15:19.788Z",1.07068,1.07073
"exness","EURUSD","2023-06-08 01:15:32.856Z",1.07068,1.07074
"exness","EURUSD","2023-06-08 01:15:32.876Z",1.0707,1.07076
"exness","EURUSD","2023-06-08 01:15:34.151Z",1.0707,1.07075
"exness","EURUSD","2023-06-08 01:15:38.013Z",1.07068,1.07074
"exness","EURUSD","2023-06-08 01:15:42.886Z",1.0707,1.07075
"exness","EURUSD","2023-06-08 01:15:49.234Z",1.07069,1.07075
"exness","EURUSD","2023-06-08 01:15:52.180Z",1.0707,1.07076
"exness","EURUSD","2023-06-08 01:15:59.352Z",1.07069,1.07075
"exness","EURUSD","2023-06-08 01:16:01.361Z",1.0707,1.07076
"exness","EURUSD","2023-06-08 01:16:08.865Z",1.0707200000000001,1.07078
"exness","EURUSD","2023-06-08 01:16:08.888Z",1.07073,1.0708
"exness","EURUSD","2023-06-08 01:16:08.956Z",1.07075,1.07081
"exness","EURUSD","2023-06-08 01:16:10.162Z",1.07074,1.07079
"exness","EURUSD","2023-06-08 01:16:10.681Z",1.07073,1.07078
"exness","EURUSD","2023-06-08 01:16:20.800Z",1.0707,1.07077
"exness","EURUSD","2023-06-08 01:16:23.451Z",1.0707200000000001,1.07078
"exness","EURUSD","2023-06-08 01:16:38.158Z",1.07071,1.07077
"exness","EURUSD","2023-06-08 01:16:48.354Z",1.07069,1.07075
"exness","EURUSD","2023-06-08 01:16:49.525Z",1.0707,1.07076
"exness","EURUSD","2023-06-08 01:16:58.254Z",1.0707,1.07075
"exness","EURUSD","2023-06-08 01:16:58.330Z",1.0707,1.07077
"exness","EURUSD","2023-06-08 01:17:01.383Z",1.0707200000000001,1.07078
"exness","EURUSD","2023-06-08 01:17:03.031Z",1.07074,1.0708
"exness","EURUSD","2023-06-08 01:17:03.221Z",1.07075,1.0708199999999999
"exness","EURUSD","2023-06-08 01:17:11.778Z",1.07076,1.07083
"exness","EURUSD","2023-06-08 01:17:12.849Z",1.07075,1.0708199999999999
"exness","EURUSD","2023-06-08 01:17:22.624Z",1.07076,1.07083
"exness","EURUSD","2023-06-08 01:17:24.558Z",1.07078,1.07083
"exness","EURUSD","2023-06-08 01:17:30.973Z",1.07077,1.07083
"exness","EURUSD","2023-06-08 01:17:34.226Z",1.07077,1.0708199999999999
"exness","EURUSD","2023-06-08 01:17:42.356Z",1.07077,1.07083
"exness","EURUSD","2023-06-08 01:17:52.523Z",1.07077,1.0708199999999999
"exness","EURUSD","2023-06-08 01:18:05.234Z",1.07075,1.07081
"exness","EURUSD","2023-06-08 01:18:09.710Z",1.07073,1.07079
"exness","EURUSD","2023-06-08 01:18:18.217Z",1.0707,1.07076
"exness","EURUSD","2023-06-08 01:18:24.835Z",1.07069,1.07075
"exness","EURUSD","2023-06-08 01:18:29.080Z",1.07071,1.07077
"exness","EURUSD","2023-06-08 01:18:34.070Z",1.0707200000000001,1.07077
"exness","EURUSD","2023-06-08 01:18:47.008Z",1.07071,1.07077
"exness","EURUSD","2023-06-08 01:19:01.977Z",1.07069,1.07075
"exness","EURUSD","2023-06-08 01:19:22.389Z",1.0707,1.07077
"exness","EURUSD","2023-06-08 01:19:27.698Z",1.0707,1.07075
"exness","EURUSD","2023-06-08 01:19:34.913Z",1.0707,1.07076
"exness","EURUSD","2023-06-08 01:19:38.169Z",1.07071,1.07078
"exness","EURUSD","2023-06-08 01:19:39.387Z",1.07073,1.07078
"exness","EURUSD","2023-06-08 01:19:44.063Z",1.0707200000000001,1.07078
"exness","EURUSD","2023-06-08 01:20:02.350Z",1.0707200000000001,1.07077
"exness","EURUSD","2023-06-08 01:20:02.713Z",1.0707200000000001,1.07078
"exness","EURUSD","2023-06-08 01:20:25.238Z",1.07071,1.07076
"exness","EURUSD","2023-06-08 01:20:36.313Z",1.0707200000000001,1.07079
"exness","EURUSD","2023-06-08 01:20:37.433Z",1.07074,1.0708
"exness","EURUSD","2023-06-08 01:20:38.633Z",1.07073,1.07078
"exness","EURUSD","2023-06-08 01:20:41.695Z",1.07074,1.0708
"exness","EURUSD","2023-06-08 01:20:43.176Z",1.07075,1.0708199999999999
"exness","EURUSD","2023-06-08 01:20:50.809Z",1.07076,1.07081
"exness","EURUSD","2023-06-08 01:20:53.492Z",1.07077,1.07083
"exness","EURUSD","2023-06-08 01:21:06.084Z",1.07079,1.07084
"exness","EURUSD","2023-06-08 01:21:10.402Z",1.07079,1.07085
"exness","EURUSD","2023-06-08 01:21:10.447Z",1.07081,1.07087
"exness","EURUSD","2023-06-08 01:21:22.556Z",1.0708199999999999,1.07087
"exness","EURUSD","2023-06-08 01:21:23.344Z",1.07083,1.07089
"exness","EURUSD","2023-06-08 01:21:23.458Z",1.07084,1.0709
"exness","EURUSD","2023-06-08 01:21:23.631Z",1.07086,1.07091
"exness","EURUSD","2023-06-08 01:21:29.917Z",1.07086,1.07092
"exness","EURUSD","2023-06-08 01:21:42.137Z",1.07087,1.07094
"exness","EURUSD","2023-06-08 01:21:46.500Z",1.07086,1.07091
"exness","EURUSD","2023-06-08 01:21:46.917Z",1.07084,1.07091
"exness","EURUSD","2023-06-08 01:21:46.989Z",1.07083,1.07089
"exness","EURUSD","2023-06-08 01:21:48.111Z",1.0708199999999999,1.07088
"exness","EURUSD","2023-06-08 01:21:56.337Z",1.0708,1.07086
"exness","EURUSD","2023-06-08 01:22:03.806Z",1.07081,1.07086
"exness","EURUSD","2023-06-08 01:22:12.756Z",1.0708,1.07086
"exness","EURUSD","2023-06-08 01:22:21.047Z",1.07077,1.07084
"exness","EURUSD","2023-06-08 01:22:23.932Z",1.07077,1.0708199999999999
"exness","EURUSD","2023-06-08 01:22:45.287Z",1.07078,1.07085
"exness","EURUSD","2023-06-08 01:23:05.095Z",1.0708,1.07086
"exness","EURUSD","2023-06-08 01:23:08.517Z",1.0708199999999999,1.07088
"exness","EURUSD","2023-06-08 01:23:16.918Z",1.0708,1.07087
"exness","EURUSD","2023-06-08 01:23:19.790Z",1.0708,1.07085
"exness","EURUSD","2023-06-08 01:23:30.212Z",1.07078,1.07084
"exness","EURUSD","2023-06-08 01:23:31.454Z",1.07077,1.07083
"exness","EURUSD","2023-06-08 01:23:33.375Z",1.07076,1.0708199999999999
"exness","EURUSD","2023-06-08 01:23:34.415Z",1.07076,1.07081
"exness","EURUSD","2023-06-08 01:23:40.955Z",1.07076,1.0708199999999999
"exness","EURUSD","2023-06-08 01:23:55.929Z",1.07077,1.07083
"exness","EURUSD","2023-06-08 01:24:15.734Z",1.07075,1.07081
"exness","EURUSD","2023-06-08 01:24:26.886Z",1.07075,1.0708
"exness","EURUSD","2023-06-08 01:24:31.042Z",1.07075,1.07081
"exness","EURUSD","2023-06-08 01:24:40.315Z",1.07074,1.07079
"exness","EURUSD","2023-06-08 01:24:42.625Z",1.07073,1.07079
"exness","EURUSD","2023-06-08 01:24:47.369Z",1.07073,1.07078
"exness","EURUSD","2023-06-08 01:24:57.158Z",1.07073,1.0708
"exness","EURUSD","2023-06-08 01:24:57.205Z",1.07075,1.07081
"exness","EURUSD","2023-06-08 01:24:58.485Z",1.07076,1.07083
"exness","EURUSD","2023-06-08 01:25:02.681Z",1.07078,1.07083
"exness","EURUSD","2023-06-08 01:25:04.993Z",1.07078,1.07085
"exness","EURUSD","2023-06-08 01:25:05.994Z",1.07077,1.07083
"exness","EURUSD","2023-06-08 01:25:08.952Z",1.07077,1.0708199999999999
"exness","EURUSD","2023-06-08 01:25:16.753Z",1.07077,1.07083
"exness","EURUSD","2023-06-08 01:25:27.801Z",1.07079,1.07085
"exness","EURUSD","2023-06-08 01:25:36.152Z",1.0708,1.07086
"exness","EURUSD","2023-06-08 01:25:39.699Z",1.07081,1.07087
"exness","EURUSD","2023-06-08 01:26:05.678Z",1.07083,1.07089
"exness","EURUSD","2023-06-08 01:26:05.691Z",1.07085,1.07091
"exness","EURUSD","2023-06-08 01:26:05.857Z",1.07087,1.07092
"exness","EURUSD","2023-06-08 01:26:07.268Z",1.07087,1.07093
"exness","EURUSD","2023-06-08 01:26:17.584Z",1.07085,1.07091
"exness","EURUSD","2023-06-08 01:26:33.746Z",1.07083,1.07089
"exness","EURUSD","2023-06-08 01:26:33.828Z",1.07081,1.07087
"exness","EURUSD","2023-06-08 01:26:48.421Z",1.0708,1.07086
"exness","EURUSD","2023-06-08 01:26:55.742Z",1.07078,1.07084
"exness","EURUSD","2023-06-08 01:27:09.453Z",1.07076,1.0708199999999999
"exness","EURUSD","2023-06-08 01:27:09.537Z",1.07074,1.0708
"exness","EURUSD","2023-06-08 01:27:10.706Z",1.07074,1.07079
"exness","EURUSD","2023-06-08 01:27:13.067Z",1.0707200000000001,1.07079
"exness","EURUSD","2023-06-08 01:27:28.970Z",1.0707200000000001,1.07077
"exness","EURUSD","2023-06-08 01:27:29.116Z",1.0707200000000001,1.07078
"exness","EURUSD","2023-06-08 01:27:29.137Z",1.07074,1.0708
"exness","EURUSD","2023-06-08 01:27:36.003Z",1.07073,1.07078
"exness","EURUSD","2023-06-08 01:27:51.358Z",1.07071,1.07078
"exness","EURUSD","2023-06-08 01:27:51.465Z",1.07071,1.07076
"exness","EURUSD","2023-06-08 01:28:13.526Z",1.0707,1.07076
"exness","EURUSD","2023-06-08 01:28:17.312Z",1.07068,1.07074
"exness","EURUSD","2023-06-08 01:28:22.546Z",1.07066,1.0707200000000001
"exness","EURUSD","2023-06-08 01:28:22.559Z",1.07064,1.07071
"exness","EURUSD","2023-06-08 01:28:22.573Z",1.07062,1.07069
"exness","EURUSD","2023-06-08 01:28:22.588Z",1.07061,1.07067
"exness","EURUSD","2023-06-08 01:28:22.627Z",1.07063,1.07068
"exness","EURUSD","2023-06-08 01:28:22.816Z",1.07061,1.07067
"exness","EURUSD","2023-06-08 01:28:23.864Z",1.07059,1.07066
"exness","EURUSD","2023-06-08 01:28:25.923Z",1.07061,1.07067
"exness","EURUSD","2023-06-08 01:28:30.300Z",1.0706,1.07065
"exness","EURUSD","2023-06-08 01:28:42.776Z",1.07061,1.07067
"exness","EURUSD","2023-06-08 01:28:46.877Z",1.07061,1.07066
"exness","EURUSD","2023-06-08 01:28:48.080Z",1.0706,1.07066
"exness","EURUSD","2023-06-08 01:28:53.898Z",1.07059,1.07065
"exness","EURUSD","2023-06-08 01:28:53.931Z",1.07057,1.07063
"exness","EURUSD","2023-06-08 01:28:56.819Z",1.07055,1.07061
"exness","EURUSD","2023-06-08 01:28:56.991Z",1.07053,1.0706
"exness","EURUSD","2023-06-08 01:28:57.061Z",1.07053,1.07058
"exness","EURUSD","2023-06-08 01:28:57.074Z",1.07051,1.07058
"exness","EURUSD","2023-06-08 01:28:58.076Z",1.0705,1.07056
"exness","EURUSD","2023-06-08 01:28:59.081Z",1.07049,1.07055
"exness","EURUSD","2023-06-08 01:28:59.760Z",1.0705,1.07056
"exness","EURUSD","2023-06-08 01:29:03.129Z",1.07052,1.07058
"exness","EURUSD","2023-06-08 01:29:12.837Z",1.0705,1.07057
"exness","EURUSD","2023-06-08 01:29:15.060Z",1.07051,1.07058
"exness","EURUSD","2023-06-08 01:29:18.318Z",1.0705,1.07057
"exness","EURUSD","2023-06-08 01:29:24.235Z",1.07052,1.07057
"exness","EURUSD","2023-06-08 01:29:29.095Z",1.07052,1.07059
"exness","EURUSD","2023-06-08 01:29:31.551Z",1.07054,1.0706
"exness","EURUSD","2023-06-08 01:29:31.561Z",1.07056,1.07062
"exness","EURUSD","2023-06-08 01:29:31.568Z",1.07057,1.07063
"exness","EURUSD","2023-06-08 01:29:31.642Z",1.07058,1.07063
"exness","EURUSD","2023-06-08 01:29:43.142Z",1.0706,1.07066
"exness","EURUSD","2023-06-08 01:29:43.233Z",1.07061,1.07066
"exness","EURUSD","2023-06-08 01:29:44.354Z",1.0706,1.07066
"exness","EURUSD","2023-06-08 01:29:51.176Z",1.07059,1.07064
"exness","EURUSD","2023-06-08 01:29:52.206Z",1.07058,1.07064
"exness","EURUSD","2023-06-08 01:29:55.544Z",1.07056,1.07062
"exness","EURUSD","2023-06-08 01:30:00.122Z",1.07056,1.07061
"exness","EURUSD","2023-06-08 01:30:00.720Z",1.07056,1.07062
"exness","EURUSD","2023-06-08 01:30:00.818Z",1.07058,1.07064
"exness","EURUSD","2023-06-08 01:30:00.871Z",1.07059,1.07065
"exness","EURUSD","2023-06-08 01:30:01.511Z",1.07061,1.07067
"exness","EURUSD","2023-06-08 01:30:02.297Z",1.07063,1.07069
"exness","EURUSD","2023-06-08 01:30:02.393Z",1.07064,1.0707
"exness","EURUSD","2023-06-08 01:30:11.088Z",1.07063,1.07069
"exness","EURUSD","2023-06-08 01:30:12.439Z",1.07063,1.07068
"exness","EURUSD","2023-06-08 01:30:19.503Z",1.07063,1.07069
"exness","EURUSD","2023-06-08 01:30:28.878Z",1.07061,1.07067
"exness","EURUSD","2023-06-08 01:30:32.544Z",1.07061,1.07066
"exness","EURUSD","2023-06-08 01:30:33.410Z",1.07059,1.07065
"exness","EURUSD","2023-06-08 01:30:34.708Z",1.07057,1.07064
"exness","EURUSD","2023-06-08 01:30:38.479Z",1.07055,1.07062
"exness","EURUSD","2023-06-08 01:30:42.475Z",1.07053,1.0706
"exness","EURUSD","2023-06-08 01:30:43.530Z",1.07052,1.07058
"exness","EURUSD","2023-06-08 01:30:43.866Z",1.0705,1.07057
"exness","EURUSD","2023-06-08 01:30:46.628Z",1.07052,1.07057
"exness","EURUSD","2023-06-08 01:30:51.662Z",1.07051,1.07057
"exness","EURUSD","2023-06-08 01:30:55.217Z",1.07049,1.07056
"exness","EURUSD","2023-06-08 01:30:57.587Z",1.07051,1.07056
"exness","EURUSD","2023-06-08 01:31:00.914Z",1.07049,1.07055
"exness","EURUSD","2023-06-08 01:31:02.081Z",1.07047,1.07054
"exness","EURUSD","2023-06-08 01:31:03.244Z",1.07046,1.07053
"exness","EURUSD","2023-06-08 01:31:03.411Z",1.07046,1.07051
"exness","EURUSD","2023-06-08 01:31:04.308Z",1.07046,1.07053
"exness","EURUSD","2023-06-08 01:31:07.950Z",1.07046,1.07051
"exness","EURUSD","2023-06-08 01:31:11.682Z",1.07047,1.07053
"exness","EURUSD","2023-06-08 01:31:11.948Z",1.07047,1.07052
"exness","EURUSD","2023-06-08 01:31:13.556Z",1.07047,1.07053
"exness","EURUSD","2023-06-08 01:31:14.612Z",1.07046,1.07051
"exness","EURUSD","2023-06-08 01:31:17.602Z",1.07046,1.07053
"exness","EURUSD","2023-06-08 01:31:22.435Z",1.07047,1.07054
"exness","EURUSD","2023-06-08 01:31:32.776Z",1.07046,1.07052
"exness","EURUSD","2023-06-08 01:31:32.802Z",1.07044,1.07051
"exness","EURUSD","2023-06-08 01:31:33.109Z",1.07044,1.07049
"exness","EURUSD","2023-06-08 01:31:34.711Z",1.07043,1.07049
"exness","EURUSD","2023-06-08 01:31:35.167Z",1.07041,1.07047
"exness","EURUSD","2023-06-08 01:31:35.395Z",1.07039,1.07046
"exness","EURUSD","2023-06-08 01:31:39.925Z",1.07038,1.07044
"exness","EURUSD","2023-06-08 01:31:44.676Z",1.07037,1.07043
"exness","EURUSD","2023-06-08 01:31:48.381Z",1.07035,1.07042
"exness","EURUSD","2023-06-08 01:31:48.433Z",1.07034,1.0704
"exness","EURUSD","2023-06-08 01:31:48.613Z",1.07032,1.07039
"exness","EURUSD","2023-06-08 01:31:49.180Z",1.07034,1.07039
"exness","EURUSD","2023-06-08 01:31:53.362Z",1.07032,1.07039
"exness","EURUSD","2023-06-08 01:31:54.958Z",1.07034,1.0704
"exness","EURUSD","2023-06-08 01:31:57.275Z",1.07032,1.07039
"exness","EURUSD","2023-06-08 01:32:00.149Z",1.0703,1.07037
"exness","EURUSD","2023-06-08 01:32:00.443Z",1.07029,1.07035
"exness","EURUSD","2023-06-08 01:32:02.630Z",1.07031,1.07037
"exness","EURUSD","2023-06-08 01:32:02.743Z",1.07033,1.07038
"exness","EURUSD","2023-06-08 01:32:02.865Z",1.07033,1.07039
"exness","EURUSD","2023-06-08 01:32:03.423Z",1.07035,1.0704
"exness","EURUSD","2023-06-08 01:32:03.468Z",1.07033,1.0704
"exness","EURUSD","2023-06-08 01:32:03.547Z",1.07032,1.07038
"exness","EURUSD","2023-06-08 01:32:03.572Z",1.07031,1.07036
"exness","EURUSD","2023-06-08 01:32:03.862Z",1.07029,1.07035
"exness","EURUSD","2023-06-08 01:32:05.082Z",1.07028,1.07034
"exness","EURUSD","2023-06-08 01:32:07.489Z",1.0703,1.07036
"exness","EURUSD","2023-06-08 01:32:07.516Z",1.07031,1.07037
"exness","EURUSD","2023-06-08 01:32:07.864Z",1.07033,1.07039
"exness","EURUSD","2023-06-08 01:32:08.012Z",1.07035,1.0704
"exness","EURUSD","2023-06-08 01:32:11.392Z",1.07034,1.0704
"exness","EURUSD","2023-06-08 01:32:15.374Z",1.07035,1.07041
"exness","EURUSD","2023-06-08 01:32:23.412Z",1.07036,1.07041
"exness","EURUSD","2023-06-08 01:32:37.615Z",1.07037,1.07043
"exness","EURUSD","2023-06-08 01:32:41.255Z",1.07038,1.07044
"exness","EURUSD","2023-06-08 01:32:41.281Z",1.07039,1.07046
"exness","EURUSD","2023-06-08 01:32:43.233Z",1.07042,1.07048
"exness","EURUSD","2023-06-08 01:32:43.251Z",1.07043,1.07049
"exness","EURUSD","2023-06-08 01:32:43.903Z",1.07043,1.07048
"exness","EURUSD","2023-06-08 01:32:49.226Z",1.07043,1.07049
"exness","EURUSD","2023-06-08 01:32:59.123Z",1.07044,1.0705
"exness","EURUSD","2023-06-08 01:32:59.259Z",1.07046,1.07052
"exness","EURUSD","2023-06-08 01:33:01.373Z",1.07047,1.07054
"exness","EURUSD","2023-06-08 01:33:02.541Z",1.07049,1.07054
"exness","EURUSD","2023-06-08 01:33:03.308Z",1.07049,1.07056
"exness","EURUSD","2023-06-08 01:33:03.343Z",1.07052,1.07058
"exness","EURUSD","2023-06-08 01:33:03.797Z",1.07054,1.07059
"exness","EURUSD","2023-06-08 01:33:04.002Z",1.07054,1.0706
"exness","EURUSD","2023-06-08 01:33:05.818Z",1.07053,1.07059
"exness","EURUSD","2023-06-08 01:33:06.300Z",1.07051,1.07058
"exness","EURUSD","2023-06-08 01:33:06.342Z",1.07051,1.07056
"exness","EURUSD","2023-06-08 01:33:07.150Z",1.07049,1.07055
"exness","EURUSD","2023-06-08 01:33:07.301Z",1.07048,1.07053
"exness","EURUSD","2023-06-08 01:33:07.799Z",1.07049,1.07055
"exness","EURUSD","2023-06-08 01:33:09.900Z",1.0705,1.07055
"exness","EURUSD","2023-06-08 01:33:11.263Z",1.07051,1.07057
"exness","EURUSD","2023-06-08 01:33:16.454Z",1.0705,1.07056
"exness","EURUSD","2023-06-08 01:33:16.657Z",1.07048,1.07054
"exness","EURUSD","2023-06-08 01:33:17.669Z",1.07048,1.07053
"exness","EURUSD","2023-06-08 01:33:18.761Z",1.07046,1.07053
"exness","EURUSD","2023-06-08 01:33:19.991Z",1.07048,1.07054
"exness","EURUSD","2023-06-08 01:33:21.411Z",1.07049,1.07056
"exness","EURUSD","2023-06-08 01:33:24.508Z",1.07052,1.07057
"exness","EURUSD","2023-06-08 01:33:26.267Z",1.07049,1.07055
"exness","EURUSD","2023-06-08 01:33:28.753Z",1.07049,1.07054
"exness","EURUSD","2023-06-08 01:33:29.826Z",1.07047,1.07053
"exness","EURUSD","2023-06-08 01:33:47.401Z",1.07045,1.07051
"exness","EURUSD","2023-06-08 01:33:49.413Z",1.07046,1.07052
"exness","EURUSD","2023-06-08 01:33:50.693Z",1.07045,1.07051
"exness","EURUSD","2023-06-08 01:33:50.715Z",1.07043,1.0705
"exness","EURUSD","2023-06-08 01:33:50.804Z",1.07045,1.07051
"exness","EURUSD","2023-06-08 01:33:51.694Z",1.07044,1.07049
"exness","EURUSD","2023-06-08 01:33:51.809Z",1.07045,1.07051
"exness","EURUSD","2023-06-08 01:33:52.954Z",1.07046,1.07052
"exness","EURUSD","2023-06-08 01:33:54.013Z",1.07048,1.07054
"exness","EURUSD","2023-06-08 01:33:55.533Z",1.07049,1.07055
"exness","EURUSD","2023-06-08 01:33:56.265Z",1.07049,1.07054
"exness","EURUSD","2023-06-08 01:33:58.443Z",1.07048,1.07054
"exness","EURUSD","2023-06-08 01:34:01.068Z",1.07046,1.07052
"exness","EURUSD","2023-06-08 01:34:02.577Z",1.07045,1.07051
"exness","EURUSD","2023-06-08 01:34:03.819Z",1.07043,1.0705
"exness","EURUSD","2023-06-08 01:34:04.368Z",1.07043,1.07048
"exness","EURUSD","2023-06-08 01:34:06.309Z",1.07043,1.07049
"exness","EURUSD","2023-06-08 01:34:08.642Z",1.07044,1.0705
"exness","EURUSD","2023-06-08 01:34:18.131Z",1.07046,1.07052
"exness","EURUSD","2023-06-08 01:34:18.191Z",1.07047,1.07052
"exness","EURUSD","2023-06-08 01:34:19.194Z",1.07046,1.07052
"exness","EURUSD","2023-06-08 01:34:21.054Z",1.07044,1.0705
"exness","EURUSD","2023-06-08 01:34:22.256Z",1.07045,1.07051
"exness","EURUSD","2023-06-08 01:34:23.115Z",1.07044,1.0705
"exness","EURUSD","2023-06-08 01:34:25.908Z",1.07041,1.07048
"exness","EURUSD","2023-06-08 01:34:25.932Z",1.0704,1.07046
"exness","EURUSD","2023-06-08 01:34:26.964Z",1.07041,1.07048
"exness","EURUSD","2023-06-08 01:34:27.915Z",1.07041,1.07046
"exness","EURUSD","2023-06-08 01:34:28.284Z",1.07041,1.07047
"exness","EURUSD","2023-06-08 01:34:30.669Z",1.07042,1.07047
"exness","EURUSD","2023-06-08 01:34:33.157Z",1.07041,1.07047
"exness","EURUSD","2023-06-08 01:34:34.235Z",1.07039,1.07045
"exness","EURUSD","2023-06-08 01:34:34.498Z",1.07041,1.07046
"exness","EURUSD","2023-06-08 01:34:37.043Z",1.07041,1.07047
"exness","EURUSD","2023-06-08 01:34:38.606Z",1.07043,1.07049
"exness","EURUSD","2023-06-08 01:34:39.120Z",1.07045,1.0705
"exness","EURUSD","2023-06-08 01:34:39.148Z",1.07043,1.07049
"exness","EURUSD","2023-06-08 01:34:43.159Z",1.07045,1.07051
"exness","EURUSD","2023-06-08 01:34:59.084Z",1.07043,1.07049
"exness","EURUSD","2023-06-08 01:35:00.669Z",1.07044,1.07051
"exness","EURUSD","2023-06-08 01:35:01.379Z",1.07046,1.07052
"exness","EURUSD","2023-06-08 01:35:13.205Z",1.07048,1.07054
"exness","EURUSD","2023-06-08 01:35:13.232Z",1.0705,1.07056
"exness","EURUSD","2023-06-08 01:35:13.550Z",1.07051,1.07056
"exness","EURUSD","2023-06-08 01:35:15.653Z",1.07049,1.07056
"exness","EURUSD","2023-06-08 01:35:16.664Z",1.0705,1.07057
"exness","EURUSD","2023-06-08 01:35:17.041Z",1.07052,1.07057
"exness","EURUSD","2023-06-08 01:35:19.253Z",1.07052,1.07058
"exness","EURUSD","2023-06-08 01:35:23.666Z",1.07053,1.07059
"exness","EURUSD","2023-06-08 01:35:25.894Z",1.07052,1.07058
"exness","EURUSD","2023-06-08 01:35:27.756Z",1.07053,1.07059
"exness","EURUSD","2023-06-08 01:35:27.790Z",1.07055,1.07061
"exness","EURUSD","2023-06-08 01:35:30.486Z",1.07057,1.07062
"exness","EURUSD","2023-06-08 01:35:30.506Z",1.07057,1.07063
"exness","EURUSD","2023-06-08 01:35:33.501Z",1.07059,1.07064
"exness","EURUSD","2023-06-08 01:35:36.666Z",1.07057,1.07064
"exness","EURUSD","2023-06-08 01:35:50.323Z",1.07057,1.07062
"exness","EURUSD","2023-06-08 01:35:52.431Z",1.07056,1.07063
"exness","EURUSD","2023-06-08 01:35:55.015Z",1.07058,1.07063
"exness","EURUSD","2023-06-08 01:35:56.982Z",1.07058,1.07064
"exness","EURUSD","2023-06-08 01:35:57.258Z",1.0706,1.07066
"exness","EURUSD","2023-06-08 01:35:57.944Z",1.07061,1.07067
"exness","EURUSD","2023-06-08 01:35:59.061Z",1.07062,1.07067
"exness","EURUSD","2023-06-08 01:36:03.154Z",1.07062,1.07069
"exness","EURUSD","2023-06-08 01:36:07.692Z",1.07064,1.0707
"exness","EURUSD","2023-06-08 01:36:10.181Z",1.07062,1.07068
"exness","EURUSD","2023-06-08 01:36:12.270Z",1.07064,1.0707
"exness","EURUSD","2023-06-08 01:36:25.608Z",1.07062,1.07068
"exness","EURUSD","2023-06-08 01:36:28.022Z",1.07064,1.07071
"exness","EURUSD","2023-06-08 01:36:28.033Z",1.07066,1.0707200000000001
"exness","EURUSD","2023-06-08 01:36:28.067Z",1.07067,1.07074
"exness","EURUSD","2023-06-08 01:36:28.649Z",1.07066,1.0707200000000001
"exness","EURUSD","2023-06-08 01:36:31.629Z",1.07067,1.0707200000000001
"exness","EURUSD","2023-06-08 01:36:33.785Z",1.07068,1.07074
"exness","EURUSD","2023-06-08 01:36:48.297Z",1.0707,1.07076
"exness","EURUSD","2023-06-08 01:36:48.586Z",1.07071,1.07076
"exness","EURUSD","2023-06-08 01:36:51.968Z",1.0707200000000001,1.07078
"exness","EURUSD","2023-06-08 01:37:05.247Z",1.07074,1.0708
"exness","EURUSD","2023-06-08 01:37:06.927Z",1.0707200000000001,1.07079
"exness","EURUSD","2023-06-08 01:37:08.505Z",1.07073,1.0708
"exness","EURUSD","2023-06-08 01:37:10.677Z",1.0707200000000001,1.07079
"exness","EURUSD","2023-06-08 01:37:20.487Z",1.07074,1.07079
"exness","EURUSD","2023-06-08 01:37:23.691Z",1.07075,1.07081
"exness","EURUSD","2023-06-08 01:37:27.918Z",1.07077,1.0708199999999999
"exness","EURUSD","2023-06-08 01:37:32.579Z",1.07075,1.0708199999999999
"exness","EURUSD","2023-06-08 01:37:32.627Z",1.07074,1.0708
"exness","EURUSD","2023-06-08 01:37:34.569Z",1.0707200000000001,1.07078
"exness","EURUSD","2023-06-08 01:37:34.659Z",1.07071,1.07076
"exness","EURUSD","2023-06-08 01:37:39.369Z",1.0707200000000001,1.07077
"exness","EURUSD","2023-06-08 01:37:40.417Z",1.07071,1.07077
"exness","EURUSD","2023-06-08 01:37:44.603Z",1.0707200000000001,1.07079
"exness","EURUSD","2023-06-08 01:38:09.529Z",1.07075,1.07081
"exness","EURUSD","2023-06-08 01:38:10.269Z",1.07076,1.07081
"exness","EURUSD","2023-06-08 01:38:14.950Z",1.07078,1.07084
"exness","EURUSD","2023-06-08 01:38:15.069Z",1.07079,1.07085
"exness","EURUSD","2023-06-08 01:38:15.108Z",1.07081,1.07087
"exness","EURUSD","2023-06-08 01:38:19.911Z",1.07081,1.07086
"exness","EURUSD","2023-06-08 01:38:19.957Z",1.07081,1.07087
"exness","EURUSD","2023-06-08 01:38:29.947Z",1.07079,1.07085
"exness","EURUSD","2023-06-08 01:38:31.210Z",1.07078,1.07084
"exness","EURUSD","2023-06-08 01:38:32.309Z",1.07076,1.07083
"exness","EURUSD","2023-06-08 01:38:32.901Z",1.07078,1.07083
"exness","EURUSD","2023-06-08 01:38:34.219Z",1.07078,1.07084
"exness","EURUSD","2023-06-08 01:38:36.210Z",1.07076,1.0708199999999999
"exness","EURUSD","2023-06-08 01:38:36.359Z",1.07076,1.07081
"exness","EURUSD","2023-06-08 01:38:36.427Z",1.07074,1.0708
"exness","EURUSD","2023-06-08 01:38:37.466Z",1.07075,1.07081
"exness","EURUSD","2023-06-08 01:38:38.559Z",1.07076,1.07083
"exness","EURUSD","2023-06-08 01:38:39.648Z",1.07075,1.07081
"exness","EURUSD","2023-06-08 01:38:41.783Z",1.07074,1.07079
"exness","EURUSD","2023-06-08 01:38:46.680Z",1.07073,1.07079
"exness","EURUSD","2023-06-08 01:38:50.191Z",1.0707200000000001,1.07077
"exness","EURUSD","2023-06-08 01:38:56.301Z",1.07073,1.07079
"exness","EURUSD","2023-06-08 01:39:01.056Z",1.07074,1.0708
"exness","EURUSD","2023-06-08 01:39:03.658Z",1.07075,1.0708199999999999
"exness","EURUSD","2023-06-08 01:39:04.785Z",1.07075,1.0708
"exness","EURUSD","2023-06-08 01:39:04.921Z",1.07074,1.0708
"exness","EURUSD","2023-06-08 01:39:06.207Z",1.07073,1.07078
"exness","EURUSD","2023-06-08 01:39:11.922Z",1.07071,1.07078
"exness","EURUSD","2023-06-08 01:39:23.546Z",1.07073,1.07079
"exness","EURUSD","2023-06-08 01:39:29.010Z",1.07071,1.07078
"exness","EURUSD","2023-06-08 01:39:29.648Z",1.07073,1.07078
"exness","EURUSD","2023-06-08 01:39:36.317Z",1.0707,1.07077
"exness","EURUSD","2023-06-08 01:39:37.347Z",1.07069,1.07075
"exness","EURUSD","2023-06-08 01:39:44.887Z",1.07071,1.07076
"exness","EURUSD","2023-06-08 01:39:51.287Z",1.07071,1.07077
"exness","EURUSD","2023-06-08 01:39:52.958Z",1.0707,1.07076
"exness","EURUSD","2023-06-08 01:39:54.125Z",1.07071,1.07076
"exness","EURUSD","2023-06-08 01:40:00.861Z",1.07069,1.07076
"exness","EURUSD","2023-06-08 01:40:03.503Z",1.07069,1.07074
"exness","EURUSD","2023-06-08 01:40:30.577Z",1.0707,1.07076
"exness","EURUSD","2023-06-08 01:40:46.501Z",1.07071,1.07078
"exness","EURUSD","2023-06-08 01:41:02.629Z",1.0707,1.07076
"exness","EURUSD","2023-06-08 01:41:04.985Z",1.0707200000000001,1.07077
"exness","EURUSD","2023-06-08 01:41:11.539Z",1.0707,1.07077
"exness","EURUSD","2023-06-08 01:41:16.754Z",1.07071,1.07078
"exness","EURUSD","2023-06-08 01:41:30.583Z",1.0707,1.07077
"exness","EURUSD","2023-06-08 01:41:37.943Z",1.0707200000000001,1.07077
"exness","EURUSD","2023-06-08 01:41:39.314Z",1.07073,1.07079
"exness","EURUSD","2023-06-08 01:41:39.350Z",1.07075,1.07081
"exness","EURUSD","2023-06-08 01:41:41.374Z",1.07076,1.07083
"exness","EURUSD","2023-06-08 01:41:41.452Z",1.07078,1.07083
"exness","EURUSD","2023-06-08 01:41:41.634Z",1.07079,1.07085
"exness","EURUSD","2023-06-08 01:41:41.701Z",1.0708,1.07085
"exness","EURUSD","2023-06-08 01:41:41.878Z",1.07079,1.07085
"exness","EURUSD","2023-06-08 01:41:41.905Z",1.07077,1.07083
"exness","EURUSD","2023-06-08 01:41:42.171Z",1.07077,1.0708199999999999
"exness","EURUSD","2023-06-08 01:41:46.562Z",1.07074,1.0708
"exness","EURUSD","2023-06-08 01:41:47.562Z",1.07073,1.07078
"exness","EURUSD","2023-06-08 01:41:53.401Z",1.0707200000000001,1.07079
"exness","EURUSD","2023-06-08 01:42:00.952Z",1.07071,1.07077
"exness","EURUSD","2023-06-08 01:42:03.043Z",1.0707,1.07076
"exness","EURUSD","2023-06-08 01:42:03.278Z",1.07068,1.07074
"exness","EURUSD","2023-06-08 01:42:03.299Z",1.07066,1.07073
"exness","EURUSD","2023-06-08 01:42:03.847Z",1.07068,1.07074
"exness","EURUSD","2023-06-08 01:42:04.924Z",1.07069,1.07075
"exness","EURUSD","2023-06-08 01:42:05.305Z",1.07068,1.07073
"exness","EURUSD","2023-06-08 01:42:11.231Z",1.0707,1.07076
"exness","EURUSD","2023-06-08 01:42:11.331Z",1.07071,1.07076
"exness","EURUSD","2023-06-08 01:42:14.489Z",1.0707,1.07076
"exness","EURUSD","2023-06-08 01:42:16.397Z",1.07071,1.07076
"exness","EURUSD","2023-06-08 01:42:25.595Z",1.0707200000000001,1.07078
"exness","EURUSD","2023-06-08 01:42:26.620Z",1.07073,1.07078
"exness","EURUSD","2023-06-08 01:42:28.446Z",1.07074,1.0708
"exness","EURUSD","2023-06-08 01:42:28.812Z",1.07076,1.0708199999999999
"exness","EURUSD","2023-06-08 01:42:37.992Z",1.07074,1.07081
"exness","EURUSD","2023-06-08 01:42:38.499Z",1.07073,1.07079
"exness","EURUSD","2023-06-08 01:42:41.583Z",1.07073,1.07078
"exness","EURUSD","2023-06-08 01:42:53.606Z",1.07074,1.0708
"exness","EURUSD","2023-06-08 01:42:54.638Z",1.07075,1.07081
"exness","EURUSD","2023-06-08 01:42:56.806Z",1.07077,1.0708199999999999
"exness","EURUSD","2023-06-08 01:42:57.930Z",1.07077,1.07084
"exness","EURUSD","2023-06-08 01:43:00.234Z",1.07079,1.07084
"exness","EURUSD","2023-06-08 01:43:05.055Z",1.07079,1.07085
"exness","EURUSD","2023-06-08 01:43:23.078Z",1.0708,1.07086
"exness","EURUSD","2023-06-08 01:43:23.167Z",1.07081,1.07088
"exness","EURUSD","2023-06-08 01:43:32.958Z",1.07083,1.07088
"exness","EURUSD","2023-06-08 01:43:35.480Z",1.07083,1.07089
"exness","EURUSD","2023-06-08 01:43:42.713Z",1.07081,1.07088
"exness","EURUSD","2023-06-08 01:43:43.788Z",1.0708,1.07086
"exness","EURUSD","2023-06-08 01:43:43.854Z",1.07079,1.07085
"exness","EURUSD","2023-06-08 01:43:45.035Z",1.07077,1.07084
"exness","EURUSD","2023-06-08 01:43:55.149Z",1.07076,1.07083
"exness","EURUSD","2023-06-08 01:43:55.298Z",1.07076,1.07081
"exness","EURUSD","2023-06-08 01:43:55.410Z",1.07074,1.0708
"exness","EURUSD","2023-06-08 01:43:58.902Z",1.07074,1.07079
"exness","EURUSD","2023-06-08 01:43:59.905Z",1.0707200000000001,1.07078
"exness","EURUSD","2023-06-08 01:44:11.677Z",1.0707200000000001,1.07077
"exness","EURUSD","2023-06-08 01:44:16.616Z",1.0707,1.07077
"exness","EURUSD","2023-06-08 01:44:18.295Z",1.07069,1.07076
"exness","EURUSD","2023-06-08 01:44:32.498Z",1.07067,1.07074
"exness","EURUSD","2023-06-08 01:44:34.529Z",1.07069,1.07074
"exness","EURUSD","2023-06-08 01:44:40.416Z",1.07069,1.07075
"exness","EURUSD","2023-06-08 01:44:51.570Z",1.07067,1.07074
"exness","EURUSD","2023-06-08 01:44:52.011Z",1.07066,1.0707200000000001
"exness","EURUSD","2023-06-08 01:44:55.945Z",1.07064,1.07071
"exness","EURUSD","2023-06-08 01:44:58.777Z",1.07067,1.07073
"exness","EURUSD","2023-06-08 01:44:58.812Z",1.07068,1.07074
"exness","EURUSD","2023-06-08 01:45:01.266Z",1.0707,1.07075
"exness","EURUSD","2023-06-08 01:45:06.323Z",1.0707,1.07077
"exness","EURUSD","2023-06-08 01:45:06.434Z",1.0707200000000001,1.07078
"exness","EURUSD","2023-06-08 01:45:06.545Z",1.07074,1.07079
"exness","EURUSD","2023-06-08 01:45:20.257Z",1.0707200000000001,1.07078
"exness","EURUSD","2023-06-08 01:45:24.322Z",1.0707,1.07077
"exness","EURUSD","2023-06-08 01:45:25.743Z",1.07068,1.07075
"exness","EURUSD","2023-06-08 01:45:26.439Z",1.0707,1.07075
"exness","EURUSD","2023-06-08 01:45:32.362Z",1.07071,1.07077
"exness","EURUSD","2023-06-08 01:45:39.857Z",1.0707200000000001,1.07077
"exness","EURUSD","2023-06-08 01:45:42.060Z",1.0707,1.07076
"exness","EURUSD","2023-06-08 01:45:44.349Z",1.07069,1.07075
"exness","EURUSD","2023-06-08 01:45:48.684Z",1.07068,1.07074
"exness","EURUSD","2023-06-08 01:45:56.201Z",1.07067,1.07073
"exness","EURUSD","2023-06-08 01:45:59.713Z",1.07065,1.0707200000000001
"exness","EURUSD","2023-06-08 01:46:05.355Z",1.07066,1.07073
"exness","EURUSD","2023-06-08 01:46:07.351Z",1.07068,1.07074
"exness","EURUSD","2023-06-08 01:46:13.929Z",1.07067,1.07073
"exness","EURUSD","2023-06-08 01:46:28.990Z",1.07065,1.07071
"exness","EURUSD","2023-06-08 01:46:36.924Z",1.07065,1.0707
"exness","EURUSD","2023-06-08 01:46:40.890Z",1.07063,1.07069
"exness","EURUSD","2023-06-08 01:46:43.466Z",1.07064,1.07069
"exness","EURUSD","2023-06-08 01:46:44.534Z",1.07063,1.07069
"exness","EURUSD","2023-06-08 01:46:46.840Z",1.07064,1.0707
"exness","EURUSD","2023-06-08 01:46:50.719Z",1.07062,1.07068
"exness","EURUSD","2023-06-08 01:46:50.727Z",1.07061,1.07067
"exness","EURUSD","2023-06-08 01:46:50.797Z",1.07059,1.07065
"exness","EURUSD","2023-06-08 01:46:51.019Z",1.07058,1.07064
"exness","EURUSD","2023-06-08 01:46:51.315Z",1.07057,1.07062
"exness","EURUSD","2023-06-08 01:46:51.377Z",1.07057,1.07063
"exness","EURUSD","2023-06-08 01:46:51.566Z",1.07058,1.07063
"exness","EURUSD","2023-06-08 01:46:53.580Z",1.07059,1.07065
"exness","EURUSD","2023-06-08 01:46:53.961Z",1.07061,1.07067
"exness","EURUSD","2023-06-08 01:46:54.020Z",1.07062,1.07067
"exness","EURUSD","2023-06-08 01:46:55.060Z",1.07062,1.07069
"exness","EURUSD","2023-06-08 01:46:57.087Z",1.07063,1.0707
"exness","EURUSD","2023-06-08 01:46:58.094Z",1.07062,1.07069
"exness","EURUSD","2023-06-08 01:47:02.069Z",1.07065,1.07071
"exness","EURUSD","2023-06-08 01:47:02.219Z",1.07066,1.07071
"exness","EURUSD","2023-06-08 01:47:02.337Z",1.07065,1.07071
"exness","EURUSD","2023-06-08 01:47:02.407Z",1.07066,1.07073
"exness","EURUSD","2023-06-08 01:47:05.405Z",1.07065,1.0707
"exness","EURUSD","2023-06-08 01:47:08.369Z",1.07064,1.0707
"exness","EURUSD","2023-06-08 01:47:11.035Z",1.07062,1.07069
"exness","EURUSD","2023-06-08 01:47:17.545Z",1.07064,1.07069
"exness","EURUSD","2023-06-08 01:47:19.812Z",1.07064,1.0707
"exness","EURUSD","2023-06-08 01:47:31.488Z",1.07065,1.07071
"exness","EURUSD","2023-06-08 01:47:31.517Z",1.07067,1.07073
"exness","EURUSD","2023-06-08 01:47:32.469Z",1.07068,1.07074
"exness","EURUSD","2023-06-08 01:47:55.071Z",1.0707,1.07076
"exness","EURUSD","2023-06-08 01:47:55.096Z",1.07071,1.07078
"exness","EURUSD","2023-06-08 01:47:55.171Z",1.07073,1.07079
"exness","EURUSD","2023-06-08 01:47:56.368Z",1.07074,1.07079
"exness","EURUSD","2023-06-08 01:47:56.387Z",1.07073,1.07079
"exness","EURUSD","2023-06-08 01:47:56.442Z",1.0707200000000001,1.07077
"exness","EURUSD","2023-06-08 01:47:56.549Z",1.0707200000000001,1.07078
"exness","EURUSD","2023-06-08 01:47:57.997Z",1.07071,1.07077
"exness","EURUSD","2023-06-08 01:47:58.295Z",1.0707,1.07075
"exness","EURUSD","2023-06-08 01:48:01.824Z",1.07069,1.07075
"exness","EURUSD","2023-06-08 01:48:05.644Z",1.07068,1.07074
"exness","EURUSD","2023-06-08 01:48:07.005Z",1.0707,1.07075
"exness","EURUSD","2023-06-08 01:48:07.035Z",1.07071,1.07077
"exness","EURUSD","2023-06-08 01:48:07.867Z",1.0707200000000001,1.07077
"exness","EURUSD","2023-06-08 01:48:08.448Z",1.07073,1.07079
"exness","EURUSD","2023-06-08 01:48:30.170Z",1.0707200000000001,1.07078
"exness","EURUSD","2023-06-08 01:48:30.251Z",1.0707,1.07076
"exness","EURUSD","2023-06-08 01:48:31.728Z",1.07071,1.07076
"exness","EURUSD","2023-06-08 01:48:31.785Z",1.0707200000000001,1.07078
"exness","EURUSD","2023-06-08 01:48:38.745Z",1.07073,1.07079
"exness","EURUSD","2023-06-08 01:48:41.970Z",1.0707200000000001,1.07078
"exness","EURUSD","2023-06-08 01:49:02.208Z",1.07071,1.07077
"exness","EURUSD","2023-06-08 01:49:02.230Z",1.07069,1.07075
"exness","EURUSD","2023-06-08 01:49:02.412Z",1.07067,1.07074
"exness","EURUSD","2023-06-08 01:49:03.698Z",1.07069,1.07075
"exness","EURUSD","2023-06-08 01:49:04.890Z",1.0707,1.07076
"exness","EURUSD","2023-06-08 01:49:07.258Z",1.07067,1.07074
"exness","EURUSD","2023-06-08 01:49:18.596Z",1.07065,1.07071
"exness","EURUSD","2023-06-08 01:49:22.122Z",1.07064,1.0707
"exness","EURUSD","2023-06-08 01:49:33.544Z",1.07065,1.07071
"exness","EURUSD","2023-06-08 01:49:34.315Z",1.07067,1.0707200000000001
"exness","EURUSD","2023-06-08 01:49:46.129Z",1.07065,1.07071
"exness","EURUSD","2023-06-08 01:49:58.369Z",1.07067,1.0707200000000001
"exness","EURUSD","2023-06-08 01:49:59.901Z",1.07066,1.0707200000000001
"exness","EURUSD","2023-06-08 01:50:01.932Z",1.07067,1.07074
"exness","EURUSD","2023-06-08 01:50:02.106Z",1.07069,1.07075
"exness","EURUSD","2023-06-08 01:50:02.139Z",1.0707,1.07077
"exness","EURUSD","2023-06-08 01:50:03.615Z",1.0707200000000001,1.07078
"exness","EURUSD","2023-06-08 01:50:06.050Z",1.07074,1.07079
"exness","EURUSD","2023-06-08 01:50:08.498Z",1.07071,1.07078
"exness","EURUSD","2023-06-08 01:50:10.997Z",1.07073,1.07078
"exness","EURUSD","2023-06-08 01:50:11.549Z",1.07071,1.07077
"exness","EURUSD","2023-06-08 01:50:16.712Z",1.0707,1.07076
"exness","EURUSD","2023-06-08 01:50:23.340Z",1.0707200000000001,1.07078
"exness","EURUSD","2023-06-08 01:50:33.656Z",1.07071,1.07076
"exness","EURUSD","2023-06-08 01:50:38.497Z",1.07069,1.07075
"exness","EURUSD","2023-06-08 01:50:42.783Z",1.07069,1.07074
"exness","EURUSD","2023-06-08 01:50:48.450Z",1.07068,1.07075
"exness","EURUSD","2023-06-08 01:50:51.509Z",1.07067,1.07074
"exness","EURUSD","2023-06-08 01:50:52.527Z",1.07068,1.07075
"exness","EURUSD","2023-06-08 01:50:52.592Z",1.0707,1.07076
"exness","EURUSD","2023-06-08 01:50:52.661Z",1.0707200000000001,1.07077
"exness","EURUSD","2023-06-08 01:51:03.520Z",1.07069,1.07076
"exness","EURUSD","2023-06-08 01:51:05.761Z",1.07071,1.07076
"exness","EURUSD","2023-06-08 01:51:06.788Z",1.07071,1.07077
"exness","EURUSD","2023-06-08 01:51:12.743Z",1.0707200000000001,1.07077
"exness","EURUSD","2023-06-08 01:51:24.533Z",1.0707,1.07076
"exness","EURUSD","2023-06-08 01:51:36.388Z",1.07071,1.07077
"exness","EURUSD","2023-06-08 01:51:40.377Z",1.0707200000000001,1.07078
"exness","EURUSD","2023-06-08 01:51:56.389Z",1.0707,1.07076
"exness","EURUSD","2023-06-08 01:51:56.439Z",1.07068,1.07075
"exness","EURUSD","2023-06-08 01:51:56.700Z",1.07067,1.07073
"exness","EURUSD","2023-06-08 01:51:59.102Z",1.07069,1.07076
"exness","EURUSD","2023-06-08 01:52:01.330Z",1.07071,1.07076
"exness","EURUSD","2023-06-08 01:52:04.348Z",1.07071,1.07077
"exness","EURUSD","2023-06-08 01:52:07.816Z",1.0707,1.07076
"exness","EURUSD","2023-06-08 01:52:12.212Z",1.07068,1.07074
"exness","EURUSD","2023-06-08 01:52:14.834Z",1.07068,1.07073
"exness","EURUSD","2023-06-08 01:52:19.601Z",1.07067,1.07073
"exness","EURUSD","2023-06-08 01:52:24.086Z",1.07068,1.07074
"exness","EURUSD","2023-06-08 01:52:34.288Z",1.0707,1.07076
"exness","EURUSD","2023-06-08 01:52:39.439Z",1.07071,1.07078
"exness","EURUSD","2023-06-08 01:52:40.450Z",1.07071,1.07076
"exness","EURUSD","2023-06-08 01:52:44.804Z",1.0707,1.07076
"exness","EURUSD","2023-06-08 01:52:47.334Z",1.07069,1.07074
"exness","EURUSD","2023-06-08 01:52:51.989Z",1.0707,1.07076
"exness","EURUSD","2023-06-08 01:53:03.709Z",1.07071,1.07077
"exness","EURUSD","2023-06-08 01:53:14.591Z",1.0707200000000001,1.07077
"exness","EURUSD","2023-06-08 01:53:17.498Z",1.0707,1.07077
"exness","EURUSD","2023-06-08 01:53:20.279Z",1.0707200000000001,1.07077
"exness","EURUSD","2023-06-08 01:53:25.729Z",1.0707,1.07077
"exness","EURUSD","2023-06-08 01:53:39.643Z",1.07073,1.07079
"exness","EURUSD","2023-06-08 01:53:40.310Z",1.07074,1.07081
"exness","EURUSD","2023-06-08 01:53:40.344Z",1.07076,1.07081
"exness","EURUSD","2023-06-08 01:53:40.402Z",1.07076,1.07083
"exness","EURUSD","2023-06-08 01:53:40.691Z",1.07078,1.07084
"exness","EURUSD","2023-06-08 01:53:44.728Z",1.07076,1.0708199999999999
"exness","EURUSD","2023-06-08 01:53:57.494Z",1.07077,1.07083
"exness","EURUSD","2023-06-08 01:54:08.918Z",1.07078,1.07085
"exness","EURUSD","2023-06-08 01:54:23.186Z",1.0708,1.07087
"exness","EURUSD","2023-06-08 01:54:25.413Z",1.0708199999999999,1.07088
"exness","EURUSD","2023-06-08 01:54:26.196Z",1.07083,1.07088
"exness","EURUSD","2023-06-08 01:54:29.617Z",1.07081,1.07087
"exness","EURUSD","2023-06-08 01:54:32.283Z",1.0708,1.07086
"exness","EURUSD","2023-06-08 01:54:33.178Z",1.07078,1.07085
"exness","EURUSD","2023-06-08 01:54:33.299Z",1.0708,1.07086
"exness","EURUSD","2023-06-08 01:54:41.161Z",1.0708199999999999,1.07088
"exness","EURUSD","2023-06-08 01:54:47.377Z",1.07081,1.07086
"exness","EURUSD","2023-06-08 01:54:47.911Z",1.07081,1.07088
"exness","EURUSD","2023-06-08 01:54:51.741Z",1.0708199999999999,1.07089
"exness","EURUSD","2023-06-08 01:55:02.976Z",1.0708,1.07087
"exness","EURUSD","2023-06-08 01:55:10.312Z",1.0708,1.07085
"exness","EURUSD","2023-06-08 01:55:20.419Z",1.0708,1.07086
"exness","EURUSD","2023-06-08 01:55:24.552Z",1.0708199999999999,1.07089
"exness","EURUSD","2023-06-08 01:55:44.703Z",1.0708,1.07087
"exness","EURUSD","2023-06-08 01:55:54.231Z",1.0708199999999999,1.07088
"exness","EURUSD","2023-06-08 01:56:01.118Z",1.0708,1.07087
"exness","EURUSD","2023-06-08 01:56:01.186Z",1.07079,1.07085
"exness","EURUSD","2023-06-08 01:56:02.018Z",1.07077,1.07084
"exness","EURUSD","2023-06-08 01:56:03.553Z",1.07078,1.07083
"exness","EURUSD","2023-06-08 01:56:10.032Z",1.07078,1.07084
"exness","EURUSD","2023-06-08 01:56:11.015Z",1.07079,1.07085
"exness","EURUSD","2023-06-08 01:56:13.488Z",1.0708,1.07086
"exness","EURUSD","2023-06-08 01:56:17.291Z",1.07079,1.07085
"exness","EURUSD","2023-06-08 01:56:17.574Z",1.07078,1.07083
"exness","EURUSD","2023-06-08 01:56:19.945Z",1.07078,1.07085
"exness","EURUSD","2023-06-08 01:56:34.510Z",1.07077,1.07083
"exness","EURUSD","2023-06-08 01:56:35.865Z",1.07076,1.0708199999999999
"exness","EURUSD","2023-06-08 01:56:37.657Z",1.07077,1.07083
"exness","EURUSD","2023-06-08 01:56:38.729Z",1.07078,1.07085
"exness","EURUSD","2023-06-08 01:56:46.826Z",1.07079,1.07086
"exness","EURUSD","2023-06-08 01:56:47.501Z",1.07081,1.07087
"exness","EURUSD","2023-06-08 01:56:51.807Z",1.07083,1.07088
"exness","EURUSD","2023-06-08 01:56:55.025Z",1.07083,1.07089
"exness","EURUSD","2023-06-08 01:56:55.041Z",1.07085,1.07091
"exness","EURUSD","2023-06-08 01:56:55.196Z",1.07086,1.07092
"exness","EURUSD","2023-06-08 01:56:55.348Z",1.07088,1.07094
"exness","EURUSD","2023-06-08 01:57:01.134Z",1.0709,1.07096
"exness","EURUSD","2023-06-08 01:57:01.744Z",1.07091,1.07096
"exness","EURUSD","2023-06-08 01:57:09.679Z",1.07092,1.07098
"exness","EURUSD","2023-06-08 01:57:17.703Z",1.07094,1.07099
"exness","EURUSD","2023-06-08 01:57:24.333Z",1.07092,1.07098
"exness","EURUSD","2023-06-08 01:57:26.130Z",1.07091,1.07097
"exness","EURUSD","2023-06-08 01:57:43.193Z",1.07089,1.07096
"exness","EURUSD","2023-06-08 01:57:51.437Z",1.07088,1.07094
"exness","EURUSD","2023-06-08 01:57:52.636Z",1.07086,1.07093
"exness","EURUSD","2023-06-08 01:57:58.284Z",1.07086,1.07091
"exness","EURUSD","2023-06-08 01:58:00.410Z",1.07087,1.07093
"exness","EURUSD","2023-06-08 01:58:00.525Z",1.07085,1.07091
"exness","EURUSD","2023-06-08 01:58:00.573Z",1.07085,1.0709
"exness","EURUSD","2023-06-08 01:58:02.629Z",1.07083,1.07089
"exness","EURUSD","2023-06-08 01:58:03.824Z",1.07084,1.07091
"exness","EURUSD","2023-06-08 01:58:06.668Z",1.07083,1.07089
"exness","EURUSD","2023-06-08 01:58:10.182Z",1.07083,1.07088
"exness","EURUSD","2023-06-08 01:58:12.887Z",1.07081,1.07088
"exness","EURUSD","2023-06-08 01:58:13.903Z",1.0708,1.07086
"exness","EURUSD","2023-06-08 01:58:15.546Z",1.07079,1.07085
"exness","EURUSD","2023-06-08 01:58:17.738Z",1.07078,1.07083
"exness","EURUSD","2023-06-08 01:58:26.486Z",1.07079,1.07085
"exness","EURUSD","2023-06-08 01:58:27.649Z",1.0708,1.07086
"exness","EURUSD","2023-06-08 01:58:29.549Z",1.0708,1.07085
"exness","EURUSD","2023-06-08 01:58:29.567Z",1.07078,1.07084
"exness","EURUSD","2023-06-08 01:58:32.040Z",1.0708,1.07086
"exness","EURUSD","2023-06-08 01:58:34.258Z",1.07081,1.07087
"exness","EURUSD","2023-06-08 01:58:36.037Z",1.0708199999999999,1.07088
"exness","EURUSD","2023-06-08 01:58:46.177Z",1.0708,1.07087
"exness","EURUSD","2023-06-08 01:58:55.936Z",1.0708199999999999,1.07088
"exness","EURUSD","2023-06-08 01:58:59.494Z",1.0708,1.07087
"exness","EURUSD","2023-06-08 01:59:08.779Z",1.0708,1.07085
"exness","EURUSD","2023-06-08 01:59:11.304Z",1.07081,1.07087
"exness","EURUSD","2023-06-08 01:59:12.070Z",1.0708199999999999,1.07087
"exness","EURUSD","2023-06-08 01:59:18.346Z",1.0708199999999999,1.07089
"exness","EURUSD","2023-06-08 01:59:35.787Z",1.07083,1.0709
"exness","EURUSD","2023-06-08 01:59:58.225Z",1.07085,1.07091
"exness","EURUSD","2023-06-08 02:00:00.433Z",1.07086,1.07092
"exness","EURUSD","2023-06-08 02:00:00.900Z",1.07087,1.07094
"exness","EURUSD","2023-06-08 02:00:04.263Z",1.07089,1.07094
"exness","EURUSD","2023-06-08 02:00:07.799Z",1.07087,1.07093
"exness","EURUSD","2023-06-08 02:00:08.975Z",1.07087,1.07092
"exness","EURUSD","2023-06-08 02:00:11.990Z",1.07087,1.07093
"exness","EURUSD","2023-06-08 02:00:28.565Z",1.07089,1.07094
"exness","EURUSD","2023-06-08 02:00:31.445Z",1.07087,1.07093
"exness","EURUSD","2023-06-08 02:00:33.068Z",1.07086,1.07092
"exness","EURUSD","2023-06-08 02:01:00.897Z",1.07088,1.07094
"exness","EURUSD","2023-06-08 02:01:07.998Z",1.07089,1.07094
"exness","EURUSD","2023-06-08 02:01:26.900Z",1.07089,1.07095
"exness","EURUSD","2023-06-08 02:01:29.687Z",1.07091,1.07097
"exness","EURUSD","2023-06-08 02:01:39.099Z",1.07089,1.07095
"exness","EURUSD","2023-06-08 02:01:41.020Z",1.07088,1.07093
"exness","EURUSD","2023-06-08 02:01:49.518Z",1.07085,1.07092
"exness","EURUSD","2023-06-08 02:01:49.634Z",1.07084,1.0709
"exness","EURUSD","2023-06-08 02:02:03.781Z",1.07085,1.0709
"exness","EURUSD","2023-06-08 02:02:06.284Z",1.07085,1.07091
"exness","EURUSD","2023-06-08 02:02:06.719Z",1.07087,1.07093
"exness","EURUSD","2023-06-08 02:02:08.251Z",1.07089,1.07094
"exness","EURUSD","2023-06-08 02:02:08.299Z",1.07089,1.07095
"exness","EURUSD","2023-06-08 02:02:08.403Z",1.07091,1.07097
"exness","EURUSD","2023-06-08 02:02:17.156Z",1.07092,1.07097
"exness","EURUSD","2023-06-08 02:02:19.778Z",1.0709,1.07097
"exness","EURUSD","2023-06-08 02:02:19.924Z",1.07089,1.07095
"exness","EURUSD","2023-06-08 02:02:26.567Z",1.0709,1.07097
"exness","EURUSD","2023-06-08 02:02:26.593Z",1.07089,1.07095
"exness","EURUSD","2023-06-08 02:02:34.012Z",1.07089,1.07094
"exness","EURUSD","2023-06-08 02:02:34.957Z",1.07089,1.07095
"exness","EURUSD","2023-06-08 02:02:57.652Z",1.07087,1.07093
"exness","EURUSD","2023-06-08 02:03:12.880Z",1.07089,1.07095
"exness","EURUSD","2023-06-08 02:03:14.675Z",1.0709,1.07097
"exness","EURUSD","2023-06-08 02:03:16.638Z",1.07089,1.07094
"exness","EURUSD","2023-06-08 02:03:21.267Z",1.0709,1.07096
