Exness,Symbol,Timestamp,Bid,Ask
exness,EURUSD,2023-05-04 00:00:00.138Z,1.10685,1.10691
exness,EURUSD,2023-05-04 00:00:00.303Z,1.10686,1.10693
exness,EURUSD,2023-05-04 00:00:00.399Z,1.10688,1.10694
exness,EURUSD,2023-05-04 00:00:00.638Z,1.1069,1.10696
exness,EURUSD,2023-05-04 00:00:01.534Z,1.10691,1.10697
exness,EURUSD,2023-05-04 00:00:02.021Z,1.10689,1.10696
exness,EURUSD,2023-05-04 00:00:03.371Z,1.10691,1.10697
exness,EURUSD,2023-05-04 00:00:04.717Z,1.10692,1.10698
exness,EURUSD,2023-05-04 00:00:04.827Z,1.10693,1.107
exness,EURUSD,2023-05-04 00:00:04.987Z,1.10695,1.107
exness,EURUSD,2023-05-04 00:00:05.134Z,1.10696,1.10702
exness,EURUSD,2023-05-04 00:00:11.897Z,1.10694,1.107
exness,EURUSD,2023-05-04 00:00:11.924Z,1.10693,1.10699
exness,EURUSD,2023-05-04 00:00:11.971Z,1.10691,1.10697
exness,EURUSD,2023-05-04 00:00:12.139Z,1.10691,1.10696
exness,EURUSD,2023-05-04 00:00:12.483Z,1.10689,1.10695
exness,EURUSD,2023-05-04 00:00:18.571Z,1.10691,1.10696
exness,EURUSD,2023-05-04 00:00:24.431Z,1.1069,1.10696
exness,EURUSD,2023-05-04 00:00:25.483Z,1.10689,1.10695
exness,EURUSD,2023-05-04 00:00:26.217Z,1.10687,1.10694
exness,EURUSD,2023-05-04 00:00:27.191Z,1.10689,1.10694
exness,EURUSD,2023-05-04 00:00:31.001Z,1.10687,1.10694
exness,EURUSD,2023-05-04 00:00:31.070Z,1.10686,1.10692
exness,EURUSD,2023-05-04 00:00:33.256Z,1.10687,1.10693
exness,EURUSD,2023-05-04 00:00:35.547Z,1.10687,1.10692
exness,EURUSD,2023-05-04 00:00:35.795Z,1.10685,1.10691
exness,EURUSD,2023-05-04 00:00:42.135Z,1.10687,1.10693
exness,EURUSD,2023-05-04 00:00:44.351Z,1.10689,1.10694
exness,EURUSD,2023-05-04 00:00:47.736Z,1.10688,1.10694
exness,EURUSD,2023-05-04 00:00:50.448Z,1.10686,1.10693
exness,EURUSD,2023-05-04 00:00:52.537Z,1.10688,1.10693
exness,EURUSD,2023-05-04 00:00:55.090Z,1.10688,1.10694
exness,EURUSD,2023-05-04 00:00:56.556Z,1.10689,1.10695
exness,EURUSD,2023-05-04 00:00:56.609Z,1.10691,1.10697
exness,EURUSD,2023-05-04 00:00:56.694Z,1.10692,1.10698
exness,EURUSD,2023-05-04 00:00:56.768Z,1.10694,1.107
exness,EURUSD,2023-05-04 00:00:57.331Z,1.10695,1.107
exness,EURUSD,2023-05-04 00:00:59.977Z,1.10694,1.107
exness,EURUSD,2023-05-04 00:01:00.613Z,1.10693,1.10699
exness,EURUSD,2023-05-04 00:01:01.886Z,1.10694,1.10699
exness,EURUSD,2023-05-04 00:01:03.726Z,1.10695,1.107
exness,EURUSD,2023-05-04 00:01:12.413Z,1.10693,1.10699
exness,EURUSD,2023-05-04 00:01:12.465Z,1.10691,1.10698
exness,EURUSD,2023-05-04 00:01:12.921Z,1.10693,1.10698
exness,EURUSD,2023-05-04 00:01:13.052Z,1.10693,1.10699
exness,EURUSD,2023-05-04 00:01:17.821Z,1.10695,1.10701
exness,EURUSD,2023-05-04 00:01:22.866Z,1.10696,1.10702
exness,EURUSD,2023-05-04 00:01:24.675Z,1.10698,1.10703
exness,EURUSD,2023-05-04 00:01:27.874Z,1.10696,1.10703
exness,EURUSD,2023-05-04 00:01:37.180Z,1.10697,1.10702
exness,EURUSD,2023-05-04 00:01:41.555Z,1.10698,1.10704
exness,EURUSD,2023-05-04 00:01:41.713Z,1.10699,1.10706
exness,EURUSD,2023-05-04 00:01:41.773Z,1.10701,1.10707
exness,EURUSD,2023-05-04 00:01:41.858Z,1.10703,1.10708
exness,EURUSD,2023-05-04 00:01:45.984Z,1.10704,1.1071
exness,EURUSD,2023-05-04 00:01:46.047Z,1.10705,1.1071
exness,EURUSD,2023-05-04 00:01:47.515Z,1.10707,1.10713
exness,EURUSD,2023-05-04 00:01:49.232Z,1.10709,1.10715
exness,EURUSD,2023-05-04 00:01:51.259Z,1.10707,1.10713
exness,EURUSD,2023-05-04 00:01:51.296Z,1.10706,1.10712
exness,EURUSD,2023-05-04 00:01:56.100Z,1.10704,1.10711
exness,EURUSD,2023-05-04 00:01:56.306Z,1.10704,1.10709
exness,EURUSD,2023-05-04 00:01:57.228Z,1.10704,1.10711
exness,EURUSD,2023-05-04 00:01:57.318Z,1.10706,1.10711
exness,EURUSD,2023-05-04 00:01:57.408Z,1.10706,1.10712
exness,EURUSD,2023-05-04 00:01:57.466Z,1.10708,1.10714
exness,EURUSD,2023-05-04 00:01:58.446Z,1.10709,1.10714
exness,EURUSD,2023-05-04 00:02:00.386Z,1.1071,1.10716
exness,EURUSD,2023-05-04 00:02:00.443Z,1.10711,1.10717
exness,EURUSD,2023-05-04 00:02:00.470Z,1.10713,1.10719
exness,EURUSD,2023-05-04 00:02:09.301Z,1.10711,1.10718
exness,EURUSD,2023-05-04 00:02:11.068Z,1.1071,1.10717
exness,EURUSD,2023-05-04 00:02:17.022Z,1.10712,1.10718
exness,EURUSD,2023-05-04 00:02:21.093Z,1.10713,1.10719
exness,EURUSD,2023-05-04 00:02:38.108Z,1.10711,1.10717
exness,EURUSD,2023-05-04 00:02:40.536Z,1.10709,1.10715
exness,EURUSD,2023-05-04 00:02:40.664Z,1.10707,1.10713
exness,EURUSD,2023-05-04 00:02:41.634Z,1.10706,1.10711
exness,EURUSD,2023-05-04 00:02:49.284Z,1.10706,1.10713
exness,EURUSD,2023-05-04 00:03:05.061Z,1.10704,1.1071
exness,EURUSD,2023-05-04 00:03:06.454Z,1.10702,1.10709
exness,EURUSD,2023-05-04 00:03:06.530Z,1.10701,1.10707
exness,EURUSD,2023-05-04 00:03:06.940Z,1.107,1.10705
exness,EURUSD,2023-05-04 00:03:06.967Z,1.10698,1.10705
exness,EURUSD,2023-05-04 00:03:12.653Z,1.107,1.10706
exness,EURUSD,2023-05-04 00:03:18.467Z,1.10701,1.10708
exness,EURUSD,2023-05-04 00:03:19.640Z,1.10703,1.10708
exness,EURUSD,2023-05-04 00:03:20.328Z,1.10701,1.10707
exness,EURUSD,2023-05-04 00:03:20.580Z,1.10699,1.10706
exness,EURUSD,2023-05-04 00:03:30.063Z,1.10698,1.10704
exness,EURUSD,2023-05-04 00:03:30.074Z,1.10696,1.10702
exness,EURUSD,2023-05-04 00:03:30.099Z,1.10694,1.107
exness,EURUSD,2023-05-04 00:03:30.123Z,1.10693,1.10699
exness,EURUSD,2023-05-04 00:03:30.162Z,1.10691,1.10697
exness,EURUSD,2023-05-04 00:03:30.686Z,1.10691,1.10696
exness,EURUSD,2023-05-04 00:03:32.537Z,1.10691,1.10697
exness,EURUSD,2023-05-04 00:03:32.611Z,1.10693,1.10699
exness,EURUSD,2023-05-04 00:03:32.738Z,1.10694,1.107
exness,EURUSD,2023-05-04 00:03:32.747Z,1.10696,1.10702
exness,EURUSD,2023-05-04 00:03:32.775Z,1.10698,1.10703
exness,EURUSD,2023-05-04 00:03:32.784Z,1.10698,1.10704
exness,EURUSD,2023-05-04 00:03:32.929Z,1.107,1.10706
exness,EURUSD,2023-05-04 00:03:32.953Z,1.10702,1.10707
exness,EURUSD,2023-05-04 00:03:37.653Z,1.10701,1.10707
exness,EURUSD,2023-05-04 00:03:37.702Z,1.10699,1.10705
exness,EURUSD,2023-05-04 00:03:40.024Z,1.10697,1.10703
exness,EURUSD,2023-05-04 00:03:41.478Z,1.10697,1.10702
exness,EURUSD,2023-05-04 00:03:45.827Z,1.10696,1.10702
exness,EURUSD,2023-05-04 00:03:51.589Z,1.10694,1.107
exness,EURUSD,2023-05-04 00:03:52.668Z,1.10695,1.10701
exness,EURUSD,2023-05-04 00:03:54.046Z,1.10696,1.10702
exness,EURUSD,2023-05-04 00:03:55.842Z,1.10697,1.10704
exness,EURUSD,2023-05-04 00:04:00.606Z,1.10696,1.10702
exness,EURUSD,2023-05-04 00:04:04.982Z,1.10696,1.10701
exness,EURUSD,2023-05-04 00:04:10.919Z,1.10697,1.10704
exness,EURUSD,2023-05-04 00:04:10.986Z,1.10699,1.10705
exness,EURUSD,2023-05-04 00:04:11.001Z,1.10701,1.10707
exness,EURUSD,2023-05-04 00:04:11.014Z,1.10702,1.10708
exness,EURUSD,2023-05-04 00:04:11.067Z,1.10704,1.10709
exness,EURUSD,2023-05-04 00:04:18.266Z,1.10704,1.1071
exness,EURUSD,2023-05-04 00:04:18.475Z,1.10704,1.10709
exness,EURUSD,2023-05-04 00:04:21.968Z,1.10704,1.1071
exness,EURUSD,2023-05-04 00:04:24.045Z,1.10705,1.10711
exness,EURUSD,2023-05-04 00:04:26.227Z,1.10707,1.10713
exness,EURUSD,2023-05-04 00:04:27.328Z,1.10708,1.10714
exness,EURUSD,2023-05-04 00:04:29.940Z,1.10709,1.10716
exness,EURUSD,2023-05-04 00:04:34.204Z,1.1071,1.10717
exness,EURUSD,2023-05-04 00:04:34.264Z,1.10712,1.10718
exness,EURUSD,2023-05-04 00:04:37.442Z,1.1071,1.10716
exness,EURUSD,2023-05-04 00:04:37.685Z,1.10709,1.10715
exness,EURUSD,2023-05-04 00:04:37.852Z,1.10708,1.10713
exness,EURUSD,2023-05-04 00:04:38.758Z,1.10709,1.10715
exness,EURUSD,2023-05-04 00:04:38.979Z,1.1071,1.10716
exness,EURUSD,2023-05-04 00:04:39.059Z,1.10712,1.10718
exness,EURUSD,2023-05-04 00:04:39.133Z,1.10713,1.10719
exness,EURUSD,2023-05-04 00:04:39.216Z,1.10715,1.10721
exness,EURUSD,2023-05-04 00:04:39.264Z,1.10716,1.10723
exness,EURUSD,2023-05-04 00:04:39.305Z,1.10718,1.10723
exness,EURUSD,2023-05-04 00:04:39.727Z,1.10719,1.10724
exness,EURUSD,2023-05-04 00:04:44.732Z,1.1072,1.10727
exness,EURUSD,2023-05-04 00:04:44.758Z,1.10722,1.10727
exness,EURUSD,2023-05-04 00:04:46.610Z,1.10722,1.10729
exness,EURUSD,2023-05-04 00:04:50.124Z,1.10721,1.10727
exness,EURUSD,2023-05-04 00:04:54.128Z,1.10719,1.10725
exness,EURUSD,2023-05-04 00:04:54.151Z,1.10717,1.10724
exness,EURUSD,2023-05-04 00:04:54.292Z,1.10716,1.10722
exness,EURUSD,2023-05-04 00:04:54.554Z,1.10718,1.10724
exness,EURUSD,2023-05-04 00:05:00.189Z,1.10719,1.10726
exness,EURUSD,2023-05-04 00:05:00.225Z,1.10721,1.10727
exness,EURUSD,2023-05-04 00:05:00.419Z,1.10723,1.10728
exness,EURUSD,2023-05-04 00:05:00.721Z,1.10721,1.10727
exness,EURUSD,2023-05-04 00:05:02.342Z,1.10722,1.10728
exness,EURUSD,2023-05-04 00:05:06.142Z,1.10724,1.1073
exness,EURUSD,2023-05-04 00:05:06.609Z,1.10726,1.10732
exness,EURUSD,2023-05-04 00:05:06.661Z,1.10727,1.10733
exness,EURUSD,2023-05-04 00:05:07.684Z,1.10728,1.10733
exness,EURUSD,2023-05-04 00:05:07.852Z,1.10729,1.10735
exness,EURUSD,2023-05-04 00:05:12.986Z,1.1073,1.10736
exness,EURUSD,2023-05-04 00:05:30.200Z,1.10731,1.10738
exness,EURUSD,2023-05-04 00:05:32.940Z,1.10733,1.1074
exness,EURUSD,2023-05-04 00:05:32.981Z,1.10735,1.10741
exness,EURUSD,2023-05-04 00:05:42.048Z,1.10737,1.10743
exness,EURUSD,2023-05-04 00:05:42.066Z,1.10739,1.10745
exness,EURUSD,2023-05-04 00:05:42.196Z,1.1074,1.10747
exness,EURUSD,2023-05-04 00:05:46.764Z,1.10742,1.10749
exness,EURUSD,2023-05-04 00:05:46.839Z,1.10744,1.1075
exness,EURUSD,2023-05-04 00:05:46.846Z,1.10745,1.10752
exness,EURUSD,2023-05-04 00:05:47.140Z,1.10747,1.10753
exness,EURUSD,2023-05-04 00:05:47.235Z,1.10748,1.10755
exness,EURUSD,2023-05-04 00:05:54.424Z,1.10749,1.10756
exness,EURUSD,2023-05-04 00:05:55.495Z,1.1075,1.10757
exness,EURUSD,2023-05-04 00:06:05.303Z,1.10752,1.10757
exness,EURUSD,2023-05-04 00:06:05.946Z,1.10752,1.10758
exness,EURUSD,2023-05-04 00:06:06.208Z,1.10754,1.10759
exness,EURUSD,2023-05-04 00:06:07.308Z,1.10753,1.10759
exness,EURUSD,2023-05-04 00:06:09.461Z,1.10751,1.10758
exness,EURUSD,2023-05-04 00:06:09.990Z,1.10751,1.10756
exness,EURUSD,2023-05-04 00:06:12.043Z,1.10752,1.10758
exness,EURUSD,2023-05-04 00:06:12.628Z,1.10753,1.1076
exness,EURUSD,2023-05-04 00:06:17.230Z,1.10752,1.10758
exness,EURUSD,2023-05-04 00:06:17.385Z,1.10751,1.10757
exness,EURUSD,2023-05-04 00:06:17.431Z,1.10749,1.10755
exness,EURUSD,2023-05-04 00:06:17.439Z,1.10747,1.10754
exness,EURUSD,2023-05-04 00:06:17.471Z,1.10746,1.10752
exness,EURUSD,2023-05-04 00:06:17.543Z,1.10745,1.1075
exness,EURUSD,2023-05-04 00:06:20.683Z,1.10746,1.10752
exness,EURUSD,2023-05-04 00:06:28.912Z,1.10744,1.10751
exness,EURUSD,2023-05-04 00:06:29.255Z,1.10746,1.10752
exness,EURUSD,2023-05-04 00:06:30.615Z,1.10747,1.10754
exness,EURUSD,2023-05-04 00:06:32.554Z,1.10749,1.10754
exness,EURUSD,2023-05-04 00:06:38.103Z,1.1075,1.10756
exness,EURUSD,2023-05-04 00:06:39.342Z,1.10751,1.10757
exness,EURUSD,2023-05-04 00:06:46.533Z,1.10753,1.10759
exness,EURUSD,2023-05-04 00:06:46.819Z,1.10754,1.10759
exness,EURUSD,2023-05-04 00:06:47.994Z,1.10754,1.10761
exness,EURUSD,2023-05-04 00:06:55.047Z,1.10756,1.10762
exness,EURUSD,2023-05-04 00:06:55.075Z,1.10758,1.10764
exness,EURUSD,2023-05-04 00:06:55.136Z,1.10759,1.10765
exness,EURUSD,2023-05-04 00:06:55.168Z,1.10761,1.10767
exness,EURUSD,2023-05-04 00:06:55.208Z,1.10762,1.10769
exness,EURUSD,2023-05-04 00:06:55.306Z,1.10764,1.1077
exness,EURUSD,2023-05-04 00:06:59.847Z,1.10766,1.10772
exness,EURUSD,2023-05-04 00:07:01.593Z,1.10763,1.1077
exness,EURUSD,2023-05-04 00:07:01.626Z,1.10762,1.10768
exness,EURUSD,2023-05-04 00:07:01.649Z,1.1076,1.10766
exness,EURUSD,2023-05-04 00:07:02.224Z,1.10761,1.10766
exness,EURUSD,2023-05-04 00:07:06.447Z,1.10759,1.10765
exness,EURUSD,2023-05-04 00:07:06.477Z,1.10757,1.10763
exness,EURUSD,2023-05-04 00:07:06.572Z,1.10756,1.10762
exness,EURUSD,2023-05-04 00:07:07.575Z,1.10757,1.10763
exness,EURUSD,2023-05-04 00:07:07.610Z,1.10759,1.10765
exness,EURUSD,2023-05-04 00:07:07.666Z,1.1076,1.10766
exness,EURUSD,2023-05-04 00:07:07.690Z,1.10762,1.10767
exness,EURUSD,2023-05-04 00:07:07.911Z,1.10763,1.10769
exness,EURUSD,2023-05-04 00:07:10.907Z,1.10765,1.10771
exness,EURUSD,2023-05-04 00:07:10.981Z,1.10766,1.10773
exness,EURUSD,2023-05-04 00:07:11.036Z,1.10768,1.10774
exness,EURUSD,2023-05-04 00:07:11.144Z,1.1077,1.10776
exness,EURUSD,2023-05-04 00:07:11.160Z,1.10771,1.10777
exness,EURUSD,2023-05-04 00:07:11.199Z,1.10773,1.10778
exness,EURUSD,2023-05-04 00:07:13.338Z,1.10771,1.10777
exness,EURUSD,2023-05-04 00:07:14.107Z,1.10773,1.10779
exness,EURUSD,2023-05-04 00:07:14.142Z,1.10774,1.10781
exness,EURUSD,2023-05-04 00:07:14.679Z,1.10776,1.10781
exness,EURUSD,2023-05-04 00:07:14.797Z,1.10777,1.10783
exness,EURUSD,2023-05-04 00:07:14.830Z,1.10778,1.10784
exness,EURUSD,2023-05-04 00:07:14.848Z,1.1078,1.10785
exness,EURUSD,2023-05-04 00:07:14.988Z,1.1078,1.10786
exness,EURUSD,2023-05-04 00:07:15.224Z,1.10782,1.10788
exness,EURUSD,2023-05-04 00:07:16.390Z,1.1078,1.10787
exness,EURUSD,2023-05-04 00:07:17.485Z,1.10779,1.10785
exness,EURUSD,2023-05-04 00:07:23.696Z,1.10781,1.10787
exness,EURUSD,2023-05-04 00:07:23.720Z,1.10782,1.10789
exness,EURUSD,2023-05-04 00:07:23.751Z,1.10784,1.1079
exness,EURUSD,2023-05-04 00:07:25.214Z,1.10785,1.1079
exness,EURUSD,2023-05-04 00:07:25.219Z,1.10786,1.10792
exness,EURUSD,2023-05-04 00:07:26.263Z,1.10787,1.10794
exness,EURUSD,2023-05-04 00:07:26.276Z,1.10787,1.10792
exness,EURUSD,2023-05-04 00:07:26.441Z,1.10785,1.10792
exness,EURUSD,2023-05-04 00:07:26.547Z,1.10784,1.1079
exness,EURUSD,2023-05-04 00:07:26.596Z,1.10782,1.10789
exness,EURUSD,2023-05-04 00:07:26.625Z,1.10781,1.10787
exness,EURUSD,2023-05-04 00:07:27.132Z,1.10781,1.10786
exness,EURUSD,2023-05-04 00:07:29.010Z,1.10781,1.10787
exness,EURUSD,2023-05-04 00:07:29.057Z,1.10782,1.10789
exness,EURUSD,2023-05-04 00:07:29.073Z,1.10784,1.1079
exness,EURUSD,2023-05-04 00:07:29.094Z,1.10785,1.10792
exness,EURUSD,2023-05-04 00:07:29.154Z,1.10787,1.10792
exness,EURUSD,2023-05-04 00:07:33.568Z,1.10788,1.10794
exness,EURUSD,2023-05-04 00:07:33.586Z,1.1079,1.10796
exness,EURUSD,2023-05-04 00:07:33.625Z,1.10791,1.10798
exness,EURUSD,2023-05-04 00:07:33.634Z,1.10793,1.10799
exness,EURUSD,2023-05-04 00:07:33.638Z,1.10795,1.10801
exness,EURUSD,2023-05-04 00:07:33.770Z,1.10797,1.10802
exness,EURUSD,2023-05-04 00:07:33.794Z,1.10797,1.10804
exness,EURUSD,2023-05-04 00:07:33.798Z,1.10799,1.10805
exness,EURUSD,2023-05-04 00:07:34.524Z,1.108,1.10807
exness,EURUSD,2023-05-04 00:07:36.363Z,1.10798,1.10804
exness,EURUSD,2023-05-04 00:07:36.418Z,1.10796,1.10803
exness,EURUSD,2023-05-04 00:07:41.908Z,1.10798,1.10804
exness,EURUSD,2023-05-04 00:07:42.003Z,1.108,1.10806
exness,EURUSD,2023-05-04 00:07:43.720Z,1.10802,1.10808
exness,EURUSD,2023-05-04 00:07:43.828Z,1.10803,1.10809
exness,EURUSD,2023-05-04 00:07:45.026Z,1.10804,1.10811
exness,EURUSD,2023-05-04 00:07:45.316Z,1.10806,1.10812
exness,EURUSD,2023-05-04 00:07:46.591Z,1.10807,1.10814
exness,EURUSD,2023-05-04 00:07:47.137Z,1.10809,1.10815
exness,EURUSD,2023-05-04 00:07:48.136Z,1.1081,1.10815
exness,EURUSD,2023-05-04 00:07:48.530Z,1.10811,1.10817
exness,EURUSD,2023-05-04 00:07:50.801Z,1.10809,1.10816
exness,EURUSD,2023-05-04 00:07:50.858Z,1.10808,1.10814
exness,EURUSD,2023-05-04 00:07:51.008Z,1.10808,1.10813
exness,EURUSD,2023-05-04 00:07:51.207Z,1.10806,1.10812
exness,EURUSD,2023-05-04 00:07:51.224Z,1.10804,1.1081
exness,EURUSD,2023-05-04 00:07:51.269Z,1.10803,1.10809
exness,EURUSD,2023-05-04 00:07:51.346Z,1.10801,1.10807
exness,EURUSD,2023-05-04 00:07:51.725Z,1.10801,1.10806
exness,EURUSD,2023-05-04 00:07:52.369Z,1.10799,1.10805
exness,EURUSD,2023-05-04 00:07:52.381Z,1.10797,1.10804
exness,EURUSD,2023-05-04 00:07:52.463Z,1.10796,1.10802
exness,EURUSD,2023-05-04 00:07:52.743Z,1.10796,1.10801
exness,EURUSD,2023-05-04 00:07:52.748Z,1.10796,1.10802
exness,EURUSD,2023-05-04 00:07:52.783Z,1.10799,1.10804
exness,EURUSD,2023-05-04 00:07:52.803Z,1.10799,1.10805
exness,EURUSD,2023-05-04 00:07:53.370Z,1.10801,1.10806
exness,EURUSD,2023-05-04 00:07:53.566Z,1.10799,1.10805
exness,EURUSD,2023-05-04 00:07:53.599Z,1.10798,1.10804
exness,EURUSD,2023-05-04 00:07:53.630Z,1.10796,1.10802
exness,EURUSD,2023-05-04 00:07:55.915Z,1.10795,1.108
exness,EURUSD,2023-05-04 00:07:55.934Z,1.10793,1.10799
exness,EURUSD,2023-05-04 00:07:58.208Z,1.10791,1.10798
exness,EURUSD,2023-05-04 00:08:00.047Z,1.1079,1.10796
exness,EURUSD,2023-05-04 00:08:00.138Z,1.10789,1.10794
exness,EURUSD,2023-05-04 00:08:02.901Z,1.10786,1.10792
exness,EURUSD,2023-05-04 00:08:03.108Z,1.10786,1.10791
exness,EURUSD,2023-05-04 00:08:05.355Z,1.10786,1.10792
exness,EURUSD,2023-05-04 00:08:05.372Z,1.10787,1.10794
exness,EURUSD,2023-05-04 00:08:05.403Z,1.10789,1.10795
exness,EURUSD,2023-05-04 00:08:05.421Z,1.10791,1.10797
exness,EURUSD,2023-05-04 00:08:05.884Z,1.10792,1.10797
exness,EURUSD,2023-05-04 00:08:07.083Z,1.1079,1.10796
exness,EURUSD,2023-05-04 00:08:16.295Z,1.10791,1.10797
exness,EURUSD,2023-05-04 00:08:17.890Z,1.10789,1.10796
exness,EURUSD,2023-05-04 00:08:17.919Z,1.10788,1.10794
exness,EURUSD,2023-05-04 00:08:18.673Z,1.10789,1.10796
exness,EURUSD,2023-05-04 00:08:18.686Z,1.10791,1.10797
exness,EURUSD,2023-05-04 00:08:18.705Z,1.10792,1.10799
exness,EURUSD,2023-05-04 00:08:18.883Z,1.10794,1.108
exness,EURUSD,2023-05-04 00:08:21.205Z,1.10795,1.10801
exness,EURUSD,2023-05-04 00:08:21.229Z,1.10793,1.108
exness,EURUSD,2023-05-04 00:08:21.464Z,1.10793,1.10798
exness,EURUSD,2023-05-04 00:08:22.223Z,1.10792,1.10798
exness,EURUSD,2023-05-04 00:08:25.010Z,1.1079,1.10796
exness,EURUSD,2023-05-04 00:08:26.223Z,1.10788,1.10794
exness,EURUSD,2023-05-04 00:08:27.434Z,1.10787,1.10793
exness,EURUSD,2023-05-04 00:08:28.050Z,1.10789,1.10794
exness,EURUSD,2023-05-04 00:08:28.076Z,1.10789,1.10795
exness,EURUSD,2023-05-04 00:08:28.223Z,1.1079,1.10797
exness,EURUSD,2023-05-04 00:08:29.060Z,1.10792,1.10797
exness,EURUSD,2023-05-04 00:08:29.120Z,1.10792,1.10799
exness,EURUSD,2023-05-04 00:08:29.377Z,1.10794,1.108
exness,EURUSD,2023-05-04 00:08:29.392Z,1.10795,1.10802
exness,EURUSD,2023-05-04 00:08:29.406Z,1.10797,1.10803
exness,EURUSD,2023-05-04 00:08:29.443Z,1.10798,1.10805
exness,EURUSD,2023-05-04 00:08:29.505Z,1.108,1.10805
exness,EURUSD,2023-05-04 00:08:34.433Z,1.108,1.10807
exness,EURUSD,2023-05-04 00:08:37.074Z,1.10802,1.10808
exness,EURUSD,2023-05-04 00:08:37.106Z,1.10804,1.1081
exness,EURUSD,2023-05-04 00:08:37.125Z,1.10805,1.10811
exness,EURUSD,2023-05-04 00:08:37.155Z,1.10807,1.10813
exness,EURUSD,2023-05-04 00:08:37.179Z,1.10808,1.10815
exness,EURUSD,2023-05-04 00:08:37.206Z,1.1081,1.10815
exness,EURUSD,2023-05-04 00:08:39.401Z,1.10809,1.10815
exness,EURUSD,2023-05-04 00:08:40.331Z,1.1081,1.10816
exness,EURUSD,2023-05-04 00:08:40.998Z,1.10812,1.10818
exness,EURUSD,2023-05-04 00:08:41.006Z,1.10813,1.1082
exness,EURUSD,2023-05-04 00:08:41.029Z,1.10815,1.1082
exness,EURUSD,2023-05-04 00:08:41.072Z,1.10816,1.10822
exness,EURUSD,2023-05-04 00:08:41.079Z,1.10818,1.10824
exness,EURUSD,2023-05-04 00:08:41.689Z,1.10819,1.10824
exness,EURUSD,2023-05-04 00:08:44.785Z,1.1082,1.10826
exness,EURUSD,2023-05-04 00:08:44.810Z,1.10821,1.10828
exness,EURUSD,2023-05-04 00:08:44.876Z,1.10823,1.10829
exness,EURUSD,2023-05-04 00:08:44.932Z,1.10824,1.10831
exness,EURUSD,2023-05-04 00:08:44.998Z,1.10826,1.10831
exness,EURUSD,2023-05-04 00:08:50.419Z,1.10824,1.1083
exness,EURUSD,2023-05-04 00:08:50.475Z,1.10822,1.10829
exness,EURUSD,2023-05-04 00:08:50.773Z,1.10821,1.10827
exness,EURUSD,2023-05-04 00:08:50.786Z,1.10821,1.10826
exness,EURUSD,2023-05-04 00:09:02.633Z,1.1082,1.10827
exness,EURUSD,2023-05-04 00:09:06.499Z,1.10819,1.10826
exness,EURUSD,2023-05-04 00:09:06.547Z,1.10819,1.10824
exness,EURUSD,2023-05-04 00:09:06.568Z,1.10817,1.10824
exness,EURUSD,2023-05-04 00:09:06.799Z,1.10817,1.10822
exness,EURUSD,2023-05-04 00:09:06.947Z,1.10817,1.10824
exness,EURUSD,2023-05-04 00:09:06.965Z,1.10819,1.10825
exness,EURUSD,2023-05-04 00:09:07.047Z,1.10821,1.10827
exness,EURUSD,2023-05-04 00:09:07.063Z,1.10822,1.10828
exness,EURUSD,2023-05-04 00:09:07.082Z,1.10824,1.1083
exness,EURUSD,2023-05-04 00:09:07.107Z,1.10825,1.1083
exness,EURUSD,2023-05-04 00:09:07.162Z,1.10826,1.10832
exness,EURUSD,2023-05-04 00:09:09.147Z,1.10827,1.10834
exness,EURUSD,2023-05-04 00:09:09.175Z,1.10829,1.10834
exness,EURUSD,2023-05-04 00:09:09.183Z,1.1083,1.10836
exness,EURUSD,2023-05-04 00:09:09.319Z,1.10831,1.10836
exness,EURUSD,2023-05-04 00:09:09.473Z,1.10832,1.10838
exness,EURUSD,2023-05-04 00:09:09.482Z,1.10833,1.1084
exness,EURUSD,2023-05-04 00:09:09.502Z,1.10835,1.10841
exness,EURUSD,2023-05-04 00:09:09.569Z,1.10836,1.10841
exness,EURUSD,2023-05-04 00:09:09.629Z,1.10835,1.10841
exness,EURUSD,2023-05-04 00:09:09.711Z,1.10833,1.10838
exness,EURUSD,2023-05-04 00:09:09.778Z,1.10834,1.1084
exness,EURUSD,2023-05-04 00:09:09.809Z,1.10835,1.10842
exness,EURUSD,2023-05-04 00:09:10.083Z,1.10838,1.10843
exness,EURUSD,2023-05-04 00:09:13.556Z,1.10836,1.10843
exness,EURUSD,2023-05-04 00:09:13.761Z,1.10835,1.10841
exness,EURUSD,2023-05-04 00:09:13.810Z,1.10833,1.10839
exness,EURUSD,2023-05-04 00:09:14.151Z,1.10832,1.10838
exness,EURUSD,2023-05-04 00:09:14.224Z,1.1083,1.10836
exness,EURUSD,2023-05-04 00:09:14.302Z,1.1083,1.10835
exness,EURUSD,2023-05-04 00:09:14.334Z,1.10828,1.10834
exness,EURUSD,2023-05-04 00:09:14.378Z,1.10826,1.10833
exness,EURUSD,2023-05-04 00:09:15.038Z,1.10825,1.10831
exness,EURUSD,2023-05-04 00:09:15.059Z,1.10823,1.1083
exness,EURUSD,2023-05-04 00:09:15.096Z,1.10823,1.10828
exness,EURUSD,2023-05-04 00:09:15.245Z,1.10821,1.10828
exness,EURUSD,2023-05-04 00:09:17.877Z,1.1082,1.10827
exness,EURUSD,2023-05-04 00:09:27.118Z,1.10822,1.10828
exness,EURUSD,2023-05-04 00:09:27.150Z,1.10824,1.1083
exness,EURUSD,2023-05-04 00:09:27.155Z,1.10825,1.10831
exness,EURUSD,2023-05-04 00:09:27.185Z,1.10827,1.10833
exness,EURUSD,2023-05-04 00:09:27.200Z,1.10829,1.10834
exness,EURUSD,2023-05-04 00:09:27.221Z,1.10829,1.10835
exness,EURUSD,2023-05-04 00:09:27.601Z,1.10831,1.10836
exness,EURUSD,2023-05-04 00:09:28.646Z,1.10831,1.10837
exness,EURUSD,2023-05-04 00:09:30.225Z,1.10832,1.10838
exness,EURUSD,2023-05-04 00:09:30.269Z,1.10833,1.1084
exness,EURUSD,2023-05-04 00:09:30.553Z,1.10832,1.10838
exness,EURUSD,2023-05-04 00:09:35.418Z,1.10829,1.10836
exness,EURUSD,2023-05-04 00:09:37.450Z,1.10831,1.10837
exness,EURUSD,2023-05-04 00:09:38.488Z,1.10832,1.10837
exness,EURUSD,2023-05-04 00:09:38.497Z,1.1083,1.10837
exness,EURUSD,2023-05-04 00:09:41.728Z,1.10829,1.10836
exness,EURUSD,2023-05-04 00:09:43.371Z,1.10828,1.10834
exness,EURUSD,2023-05-04 00:09:44.278Z,1.10826,1.10833
exness,EURUSD,2023-05-04 00:09:46.008Z,1.10828,1.10834
exness,EURUSD,2023-05-04 00:10:05.031Z,1.10827,1.10833
exness,EURUSD,2023-05-04 00:10:15.088Z,1.10825,1.10832
exness,EURUSD,2023-05-04 00:10:15.098Z,1.10824,1.1083
exness,EURUSD,2023-05-04 00:10:15.109Z,1.10822,1.10828
exness,EURUSD,2023-05-04 00:10:15.137Z,1.1082,1.10827
exness,EURUSD,2023-05-04 00:10:15.890Z,1.10819,1.10825
exness,EURUSD,2023-05-04 00:10:17.509Z,1.10816,1.10823
exness,EURUSD,2023-05-04 00:10:17.519Z,1.10815,1.10821
exness,EURUSD,2023-05-04 00:10:22.529Z,1.10817,1.10823
exness,EURUSD,2023-05-04 00:10:22.560Z,1.10818,1.10824
exness,EURUSD,2023-05-04 00:10:22.871Z,1.1082,1.10826
exness,EURUSD,2023-05-04 00:10:26.916Z,1.10818,1.10824
exness,EURUSD,2023-05-04 00:10:26.929Z,1.10816,1.10823
exness,EURUSD,2023-05-04 00:10:26.944Z,1.10815,1.10821
exness,EURUSD,2023-05-04 00:10:26.985Z,1.10813,1.1082
exness,EURUSD,2023-05-04 00:10:27.127Z,1.10812,1.10818
exness,EURUSD,2023-05-04 00:10:27.159Z,1.10811,1.10816
exness,EURUSD,2023-05-04 00:10:30.288Z,1.1081,1.10816
exness,EURUSD,2023-05-04 00:10:30.380Z,1.10808,1.10814
exness,EURUSD,2023-05-04 00:10:32.999Z,1.1081,1.10815
exness,EURUSD,2023-05-04 00:10:34.160Z,1.10809,1.10814
exness,EURUSD,2023-05-04 00:10:37.722Z,1.10808,1.10814
exness,EURUSD,2023-05-04 00:10:45.298Z,1.10805,1.10812
exness,EURUSD,2023-05-04 00:10:45.377Z,1.10804,1.1081
exness,EURUSD,2023-05-04 00:10:47.074Z,1.10802,1.10808
exness,EURUSD,2023-05-04 00:10:48.772Z,1.10801,1.10807
exness,EURUSD,2023-05-04 00:10:48.791Z,1.10799,1.10805
exness,EURUSD,2023-05-04 00:10:48.806Z,1.10798,1.10804
exness,EURUSD,2023-05-04 00:10:49.406Z,1.10799,1.10805
exness,EURUSD,2023-05-04 00:10:49.562Z,1.10799,1.10804
exness,EURUSD,2023-05-04 00:10:49.591Z,1.10797,1.10803
exness,EURUSD,2023-05-04 00:10:49.772Z,1.10797,1.10802
exness,EURUSD,2023-05-04 00:10:53.178Z,1.10795,1.10801
exness,EURUSD,2023-05-04 00:10:53.299Z,1.10794,1.10799
exness,EURUSD,2023-05-04 00:10:55.028Z,1.10792,1.10798
exness,EURUSD,2023-05-04 00:10:55.169Z,1.10793,1.108
exness,EURUSD,2023-05-04 00:10:55.185Z,1.10795,1.10801
exness,EURUSD,2023-05-04 00:10:55.285Z,1.10796,1.10803
exness,EURUSD,2023-05-04 00:10:55.315Z,1.10798,1.10804
exness,EURUSD,2023-05-04 00:10:55.430Z,1.108,1.10805
exness,EURUSD,2023-05-04 00:10:55.550Z,1.10798,1.10804
exness,EURUSD,2023-05-04 00:10:55.588Z,1.10797,1.10803
exness,EURUSD,2023-05-04 00:10:56.300Z,1.10798,1.10805
exness,EURUSD,2023-05-04 00:10:56.312Z,1.108,1.10806
exness,EURUSD,2023-05-04 00:10:59.902Z,1.10801,1.10806
exness,EURUSD,2023-05-04 00:10:59.931Z,1.10799,1.10806
exness,EURUSD,2023-05-04 00:11:00.414Z,1.10798,1.10804
exness,EURUSD,2023-05-04 00:11:00.446Z,1.10797,1.10802
exness,EURUSD,2023-05-04 00:11:02.674Z,1.10796,1.10802
exness,EURUSD,2023-05-04 00:11:12.118Z,1.10794,1.10801
exness,EURUSD,2023-05-04 00:11:12.244Z,1.10796,1.10801
exness,EURUSD,2023-05-04 00:11:13.113Z,1.10795,1.10801
exness,EURUSD,2023-05-04 00:11:17.168Z,1.10795,1.108
exness,EURUSD,2023-05-04 00:11:17.946Z,1.10795,1.10801
exness,EURUSD,2023-05-04 00:11:30.289Z,1.10796,1.10802
exness,EURUSD,2023-05-04 00:11:41.420Z,1.10794,1.108
exness,EURUSD,2023-05-04 00:11:41.451Z,1.10792,1.10798
exness,EURUSD,2023-05-04 00:11:44.550Z,1.10795,1.10801
exness,EURUSD,2023-05-04 00:11:46.685Z,1.10796,1.10801
exness,EURUSD,2023-05-04 00:11:47.975Z,1.10794,1.10801
exness,EURUSD,2023-05-04 00:11:48.043Z,1.10793,1.10799
exness,EURUSD,2023-05-04 00:11:57.176Z,1.10791,1.10797
exness,EURUSD,2023-05-04 00:11:57.407Z,1.10793,1.10798
exness,EURUSD,2023-05-04 00:11:57.424Z,1.10793,1.10799
exness,EURUSD,2023-05-04 00:11:57.617Z,1.10794,1.10801
exness,EURUSD,2023-05-04 00:12:00.669Z,1.10794,1.10799
exness,EURUSD,2023-05-04 00:12:03.105Z,1.10795,1.10801
exness,EURUSD,2023-05-04 00:12:07.675Z,1.10796,1.10802
exness,EURUSD,2023-05-04 00:12:09.592Z,1.10798,1.10804
exness,EURUSD,2023-05-04 00:12:09.618Z,1.108,1.10806
exness,EURUSD,2023-05-04 00:12:09.633Z,1.10801,1.10808
exness,EURUSD,2023-05-04 00:12:16.000Z,1.10804,1.1081
exness,EURUSD,2023-05-04 00:12:18.191Z,1.10805,1.10811
exness,EURUSD,2023-05-04 00:12:18.225Z,1.10807,1.10813
exness,EURUSD,2023-05-04 00:12:18.243Z,1.10808,1.10815
exness,EURUSD,2023-05-04 00:12:19.414Z,1.10809,1.10816
exness,EURUSD,2023-05-04 00:12:30.227Z,1.10807,1.10813
exness,EURUSD,2023-05-04 00:12:33.500Z,1.10809,1.10815
exness,EURUSD,2023-05-04 00:12:38.700Z,1.10808,1.10814
exness,EURUSD,2023-05-04 00:12:40.232Z,1.10806,1.10811
exness,EURUSD,2023-05-04 00:12:43.223Z,1.10807,1.10814
exness,EURUSD,2023-05-04 00:12:44.388Z,1.10806,1.10813
exness,EURUSD,2023-05-04 00:12:55.312Z,1.10804,1.10811
exness,EURUSD,2023-05-04 00:12:55.395Z,1.10803,1.10809
exness,EURUSD,2023-05-04 00:12:58.314Z,1.10804,1.1081
exness,EURUSD,2023-05-04 00:12:59.744Z,1.10803,1.10809
exness,EURUSD,2023-05-04 00:12:59.770Z,1.10801,1.10807
exness,EURUSD,2023-05-04 00:13:00.417Z,1.108,1.10806
exness,EURUSD,2023-05-04 00:13:00.437Z,1.10798,1.10804
exness,EURUSD,2023-05-04 00:13:00.463Z,1.10796,1.10803
exness,EURUSD,2023-05-04 00:13:00.502Z,1.10795,1.10801
exness,EURUSD,2023-05-04 00:13:00.506Z,1.10793,1.10799
exness,EURUSD,2023-05-04 00:13:00.554Z,1.10792,1.10798
exness,EURUSD,2023-05-04 00:13:12.409Z,1.10794,1.108
exness,EURUSD,2023-05-04 00:13:15.320Z,1.10795,1.108
exness,EURUSD,2023-05-04 00:13:25.661Z,1.10797,1.10803
exness,EURUSD,2023-05-04 00:13:27.080Z,1.10798,1.10804
exness,EURUSD,2023-05-04 00:13:33.798Z,1.108,1.10805
exness,EURUSD,2023-05-04 00:13:36.187Z,1.108,1.10806
exness,EURUSD,2023-05-04 00:13:41.597Z,1.10797,1.10804
exness,EURUSD,2023-05-04 00:13:47.426Z,1.10796,1.10803
exness,EURUSD,2023-05-04 00:14:00.169Z,1.10794,1.10801
exness,EURUSD,2023-05-04 00:14:00.197Z,1.10793,1.10799
exness,EURUSD,2023-05-04 00:14:01.599Z,1.10791,1.10798
exness,EURUSD,2023-05-04 00:14:09.976Z,1.10793,1.10799
exness,EURUSD,2023-05-04 00:14:09.998Z,1.10795,1.10801
exness,EURUSD,2023-05-04 00:14:10.346Z,1.10796,1.10802
exness,EURUSD,2023-05-04 00:14:11.169Z,1.10796,1.10801
exness,EURUSD,2023-05-04 00:14:12.754Z,1.10794,1.108
exness,EURUSD,2023-05-04 00:14:12.854Z,1.10792,1.10798
exness,EURUSD,2023-05-04 00:14:13.458Z,1.10794,1.10799
exness,EURUSD,2023-05-04 00:14:15.195Z,1.10794,1.108
exness,EURUSD,2023-05-04 00:14:21.007Z,1.10795,1.10801
exness,EURUSD,2023-05-04 00:14:32.326Z,1.10796,1.10802
exness,EURUSD,2023-05-04 00:14:32.648Z,1.10797,1.10804
exness,EURUSD,2023-05-04 00:14:33.227Z,1.10796,1.10802
exness,EURUSD,2023-05-04 00:14:59.662Z,1.10796,1.10801
exness,EURUSD,2023-05-04 00:15:00.810Z,1.10796,1.10802
exness,EURUSD,2023-05-04 00:15:01.255Z,1.10794,1.10801
exness,EURUSD,2023-05-04 00:15:01.303Z,1.10793,1.10799
exness,EURUSD,2023-05-04 00:15:01.431Z,1.10791,1.10798
exness,EURUSD,2023-05-04 00:15:02.705Z,1.10792,1.10797
exness,EURUSD,2023-05-04 00:15:08.293Z,1.10792,1.10798
exness,EURUSD,2023-05-04 00:15:08.318Z,1.10794,1.108
exness,EURUSD,2023-05-04 00:15:08.334Z,1.10795,1.10801
exness,EURUSD,2023-05-04 00:15:08.499Z,1.10797,1.10802
exness,EURUSD,2023-05-04 00:15:08.887Z,1.10797,1.10803
exness,EURUSD,2023-05-04 00:15:08.928Z,1.10799,1.10805
exness,EURUSD,2023-05-04 00:15:09.119Z,1.108,1.10805
exness,EURUSD,2023-05-04 00:15:11.038Z,1.108,1.10807
exness,EURUSD,2023-05-04 00:15:14.538Z,1.10803,1.10809
exness,EURUSD,2023-05-04 00:15:14.569Z,1.10804,1.1081
exness,EURUSD,2023-05-04 00:15:14.639Z,1.10806,1.10812
exness,EURUSD,2023-05-04 00:15:14.749Z,1.10807,1.10812
exness,EURUSD,2023-05-04 00:15:19.652Z,1.10808,1.10815
exness,EURUSD,2023-05-04 00:15:19.709Z,1.1081,1.10816
exness,EURUSD,2023-05-04 00:15:19.851Z,1.10812,1.10817
exness,EURUSD,2023-05-04 00:15:22.529Z,1.1081,1.10816
exness,EURUSD,2023-05-04 00:15:22.536Z,1.10808,1.10814
exness,EURUSD,2023-05-04 00:15:22.582Z,1.1081,1.10816
exness,EURUSD,2023-05-04 00:15:23.585Z,1.10811,1.10817
exness,EURUSD,2023-05-04 00:15:35.925Z,1.10813,1.10819
exness,EURUSD,2023-05-04 00:15:35.958Z,1.10814,1.10821
exness,EURUSD,2023-05-04 00:15:38.323Z,1.10817,1.10822
exness,EURUSD,2023-05-04 00:15:42.761Z,1.10818,1.10824
exness,EURUSD,2023-05-04 00:15:42.779Z,1.10819,1.10826
exness,EURUSD,2023-05-04 00:15:42.822Z,1.10821,1.10827
exness,EURUSD,2023-05-04 00:15:49.658Z,1.1082,1.10826
exness,EURUSD,2023-05-04 00:15:51.880Z,1.10821,1.10826
exness,EURUSD,2023-05-04 00:15:55.186Z,1.10822,1.10829
exness,EURUSD,2023-05-04 00:15:55.227Z,1.10824,1.10829
exness,EURUSD,2023-05-04 00:15:55.249Z,1.10825,1.10831
exness,EURUSD,2023-05-04 00:15:55.614Z,1.10827,1.10832
exness,EURUSD,2023-05-04 00:15:57.809Z,1.10827,1.10833
exness,EURUSD,2023-05-04 00:16:00.806Z,1.10826,1.10832
exness,EURUSD,2023-05-04 00:16:00.828Z,1.10824,1.10831
exness,EURUSD,2023-05-04 00:16:00.900Z,1.10823,1.10829
exness,EURUSD,2023-05-04 00:16:03.019Z,1.10824,1.1083
exness,EURUSD,2023-05-04 00:16:03.675Z,1.10825,1.10832
exness,EURUSD,2023-05-04 00:16:05.291Z,1.10825,1.1083
exness,EURUSD,2023-05-04 00:16:05.337Z,1.10825,1.10831
exness,EURUSD,2023-05-04 00:16:05.475Z,1.10825,1.1083
exness,EURUSD,2023-05-04 00:16:05.482Z,1.10823,1.10829
exness,EURUSD,2023-05-04 00:16:07.700Z,1.10824,1.1083
exness,EURUSD,2023-05-04 00:16:08.851Z,1.10823,1.10829
exness,EURUSD,2023-05-04 00:16:09.641Z,1.10823,1.10828
exness,EURUSD,2023-05-04 00:16:16.037Z,1.10821,1.10827
exness,EURUSD,2023-05-04 00:16:16.058Z,1.10819,1.10825
exness,EURUSD,2023-05-04 00:16:19.359Z,1.10818,1.10824
exness,EURUSD,2023-05-04 00:16:20.813Z,1.10816,1.10823
exness,EURUSD,2023-05-04 00:16:20.831Z,1.10815,1.10821
exness,EURUSD,2023-05-04 00:16:21.887Z,1.10816,1.10821
exness,EURUSD,2023-05-04 00:16:22.264Z,1.10817,1.10823
exness,EURUSD,2023-05-04 00:16:30.248Z,1.10819,1.10825
exness,EURUSD,2023-05-04 00:16:30.261Z,1.10821,1.10827
exness,EURUSD,2023-05-04 00:16:30.282Z,1.10822,1.10828
exness,EURUSD,2023-05-04 00:16:30.514Z,1.10824,1.10829
exness,EURUSD,2023-05-04 00:16:30.527Z,1.10824,1.10831
exness,EURUSD,2023-05-04 00:16:30.549Z,1.10826,1.10831
exness,EURUSD,2023-05-04 00:16:30.560Z,1.10826,1.10833
exness,EURUSD,2023-05-04 00:16:33.957Z,1.10827,1.10834
exness,EURUSD,2023-05-04 00:16:33.973Z,1.10829,1.10835
exness,EURUSD,2023-05-04 00:16:34.242Z,1.1083,1.10835
exness,EURUSD,2023-05-04 00:16:36.899Z,1.10831,1.10837
exness,EURUSD,2023-05-04 00:16:37.814Z,1.10832,1.10838
exness,EURUSD,2023-05-04 00:16:37.850Z,1.10834,1.1084
exness,EURUSD,2023-05-04 00:16:37.898Z,1.10835,1.10842
exness,EURUSD,2023-05-04 00:16:39.242Z,1.10837,1.10842
exness,EURUSD,2023-05-04 00:16:43.254Z,1.10837,1.10843
exness,EURUSD,2023-05-04 00:16:43.278Z,1.10839,1.10845
exness,EURUSD,2023-05-04 00:16:43.461Z,1.10838,1.10843
exness,EURUSD,2023-05-04 00:16:46.567Z,1.10836,1.10842
exness,EURUSD,2023-05-04 00:16:46.577Z,1.10835,1.10841
exness,EURUSD,2023-05-04 00:16:48.156Z,1.10833,1.10839
exness,EURUSD,2023-05-04 00:16:50.947Z,1.10831,1.10837
exness,EURUSD,2023-05-04 00:16:51.223Z,1.1083,1.10835
exness,EURUSD,2023-05-04 00:16:51.506Z,1.10831,1.10837
exness,EURUSD,2023-05-04 00:16:54.450Z,1.10828,1.10835
exness,EURUSD,2023-05-04 00:16:54.560Z,1.10827,1.10833
exness,EURUSD,2023-05-04 00:17:01.668Z,1.10825,1.10832
exness,EURUSD,2023-05-04 00:17:02.882Z,1.10827,1.10833
exness,EURUSD,2023-05-04 00:17:05.604Z,1.10828,1.10834
exness,EURUSD,2023-05-04 00:17:05.641Z,1.1083,1.10836
exness,EURUSD,2023-05-04 00:17:07.013Z,1.10831,1.10837
exness,EURUSD,2023-05-04 00:17:07.037Z,1.10829,1.10835
exness,EURUSD,2023-05-04 00:17:08.221Z,1.10829,1.10834
exness,EURUSD,2023-05-04 00:17:09.070Z,1.10829,1.10836
exness,EURUSD,2023-05-04 00:17:10.381Z,1.10831,1.10837
exness,EURUSD,2023-05-04 00:17:12.748Z,1.10833,1.10839
exness,EURUSD,2023-05-04 00:17:12.768Z,1.10835,1.1084
exness,EURUSD,2023-05-04 00:17:12.777Z,1.10835,1.10842
exness,EURUSD,2023-05-04 00:17:13.817Z,1.10837,1.10843
exness,EURUSD,2023-05-04 00:17:14.820Z,1.10838,1.10843
exness,EURUSD,2023-05-04 00:17:17.766Z,1.10838,1.10845
exness,EURUSD,2023-05-04 00:17:17.792Z,1.1084,1.10846
exness,EURUSD,2023-05-04 00:17:20.819Z,1.10841,1.10847
exness,EURUSD,2023-05-04 00:17:21.379Z,1.10843,1.10848
exness,EURUSD,2023-05-04 00:17:22.407Z,1.10843,1.1085
exness,EURUSD,2023-05-04 00:17:24.818Z,1.10842,1.10848
exness,EURUSD,2023-05-04 00:17:24.831Z,1.10844,1.10851
exness,EURUSD,2023-05-04 00:17:24.923Z,1.10846,1.10851
exness,EURUSD,2023-05-04 00:17:24.950Z,1.10844,1.1085
exness,EURUSD,2023-05-04 00:17:24.966Z,1.10843,1.10849
exness,EURUSD,2023-05-04 00:17:25.591Z,1.10842,1.10847
exness,EURUSD,2023-05-04 00:17:26.994Z,1.10843,1.10849
exness,EURUSD,2023-05-04 00:17:27.066Z,1.10845,1.10851
exness,EURUSD,2023-05-04 00:17:28.099Z,1.10846,1.10852
exness,EURUSD,2023-05-04 00:17:31.019Z,1.10844,1.1085
exness,EURUSD,2023-05-04 00:17:31.054Z,1.10842,1.10848
exness,EURUSD,2023-05-04 00:17:31.223Z,1.10841,1.10847
exness,EURUSD,2023-05-04 00:17:36.391Z,1.10839,1.10845
exness,EURUSD,2023-05-04 00:17:39.016Z,1.10836,1.10842
exness,EURUSD,2023-05-04 00:17:39.044Z,1.10834,1.10841
exness,EURUSD,2023-05-04 00:17:41.197Z,1.10833,1.10839
exness,EURUSD,2023-05-04 00:17:42.264Z,1.10835,1.10841
exness,EURUSD,2023-05-04 00:17:45.984Z,1.10833,1.1084
exness,EURUSD,2023-05-04 00:17:48.112Z,1.10832,1.10838
exness,EURUSD,2023-05-04 00:17:58.553Z,1.10834,1.10839
exness,EURUSD,2023-05-04 00:18:00.947Z,1.10834,1.1084
exness,EURUSD,2023-05-04 00:18:01.485Z,1.10836,1.10842
exness,EURUSD,2023-05-04 00:18:30.433Z,1.10835,1.1084
exness,EURUSD,2023-05-04 00:18:32.675Z,1.10834,1.1084
exness,EURUSD,2023-05-04 00:18:32.793Z,1.10832,1.10839
exness,EURUSD,2023-05-04 00:18:45.115Z,1.10834,1.1084
exness,EURUSD,2023-05-04 00:18:46.946Z,1.10832,1.10839
exness,EURUSD,2023-05-04 00:18:55.860Z,1.10835,1.10841
exness,EURUSD,2023-05-04 00:18:55.887Z,1.10836,1.10842
exness,EURUSD,2023-05-04 00:18:56.873Z,1.10837,1.10842
exness,EURUSD,2023-05-04 00:19:07.488Z,1.10835,1.10842
exness,EURUSD,2023-05-04 00:19:07.507Z,1.10834,1.1084
exness,EURUSD,2023-05-04 00:19:07.538Z,1.10832,1.10839
exness,EURUSD,2023-05-04 00:19:23.192Z,1.1083,1.10836
exness,EURUSD,2023-05-04 00:19:23.617Z,1.10831,1.10838
exness,EURUSD,2023-05-04 00:19:27.257Z,1.10833,1.10839
exness,EURUSD,2023-05-04 00:19:27.310Z,1.10831,1.10838
exness,EURUSD,2023-05-04 00:19:27.341Z,1.1083,1.10836
exness,EURUSD,2023-05-04 00:19:28.358Z,1.10831,1.10837
exness,EURUSD,2023-05-04 00:19:29.111Z,1.10832,1.10837
exness,EURUSD,2023-05-04 00:19:36.578Z,1.10832,1.10838
exness,EURUSD,2023-05-04 00:19:40.831Z,1.10834,1.1084
exness,EURUSD,2023-05-04 00:19:41.546Z,1.10836,1.10841
exness,EURUSD,2023-05-04 00:19:45.453Z,1.10837,1.10844
exness,EURUSD,2023-05-04 00:19:45.475Z,1.10839,1.10845
exness,EURUSD,2023-05-04 00:19:45.501Z,1.1084,1.10847
exness,EURUSD,2023-05-04 00:19:46.634Z,1.10841,1.10846
exness,EURUSD,2023-05-04 00:19:49.357Z,1.10842,1.10848
exness,EURUSD,2023-05-04 00:19:49.388Z,1.10843,1.1085
exness,EURUSD,2023-05-04 00:19:49.403Z,1.10845,1.10851
exness,EURUSD,2023-05-04 00:19:49.420Z,1.10847,1.10853
exness,EURUSD,2023-05-04 00:19:58.568Z,1.10845,1.10851
exness,EURUSD,2023-05-04 00:19:58.654Z,1.10843,1.10849
exness,EURUSD,2023-05-04 00:19:59.774Z,1.10842,1.10848
exness,EURUSD,2023-05-04 00:20:01.089Z,1.10843,1.10848
exness,EURUSD,2023-05-04 00:20:01.331Z,1.10843,1.1085
exness,EURUSD,2023-05-04 00:20:02.661Z,1.10845,1.10851
exness,EURUSD,2023-05-04 00:20:02.847Z,1.10843,1.10849
exness,EURUSD,2023-05-04 00:20:02.891Z,1.10842,1.10848
exness,EURUSD,2023-05-04 00:20:03.112Z,1.1084,1.10846
exness,EURUSD,2023-05-04 00:20:03.150Z,1.10839,1.10845
exness,EURUSD,2023-05-04 00:20:03.161Z,1.10837,1.10843
exness,EURUSD,2023-05-04 00:20:03.170Z,1.10835,1.10842
exness,EURUSD,2023-05-04 00:20:03.200Z,1.10834,1.1084
exness,EURUSD,2023-05-04 00:20:03.528Z,1.10833,1.10838
exness,EURUSD,2023-05-04 00:20:04.069Z,1.10832,1.10838
exness,EURUSD,2023-05-04 00:20:07.084Z,1.10833,1.1084
exness,EURUSD,2023-05-04 00:20:08.225Z,1.10835,1.10841
exness,EURUSD,2023-05-04 00:20:12.719Z,1.10836,1.10841
exness,EURUSD,2023-05-04 00:20:18.365Z,1.10836,1.10843
exness,EURUSD,2023-05-04 00:20:20.489Z,1.10838,1.10844
exness,EURUSD,2023-05-04 00:20:20.526Z,1.1084,1.10846
exness,EURUSD,2023-05-04 00:20:20.943Z,1.10841,1.10847
exness,EURUSD,2023-05-04 00:20:21.553Z,1.10841,1.10846
exness,EURUSD,2023-05-04 00:20:21.761Z,1.10839,1.10846
exness,EURUSD,2023-05-04 00:20:21.793Z,1.10839,1.10844
exness,EURUSD,2023-05-04 00:20:22.206Z,1.1084,1.10846
exness,EURUSD,2023-05-04 00:20:24.306Z,1.10842,1.10848
exness,EURUSD,2023-05-04 00:20:24.322Z,1.10843,1.10849
exness,EURUSD,2023-05-04 00:20:24.354Z,1.10845,1.10852
exness,EURUSD,2023-05-04 00:20:24.381Z,1.10847,1.10853
exness,EURUSD,2023-05-04 00:20:24.942Z,1.10845,1.10852
exness,EURUSD,2023-05-04 00:20:26.067Z,1.10847,1.10854
exness,EURUSD,2023-05-04 00:20:26.096Z,1.10849,1.10854
exness,EURUSD,2023-05-04 00:20:26.144Z,1.1085,1.10856
exness,EURUSD,2023-05-04 00:20:28.364Z,1.10849,1.10855
exness,EURUSD,2023-05-04 00:20:29.346Z,1.10848,1.10853
exness,EURUSD,2023-05-04 00:20:31.899Z,1.10848,1.10854
exness,EURUSD,2023-05-04 00:20:31.914Z,1.1085,1.10856
exness,EURUSD,2023-05-04 00:20:31.951Z,1.10851,1.10856
exness,EURUSD,2023-05-04 00:20:32.418Z,1.1085,1.10856
exness,EURUSD,2023-05-04 00:20:32.448Z,1.10848,1.10854
exness,EURUSD,2023-05-04 00:20:32.469Z,1.10847,1.10853
exness,EURUSD,2023-05-04 00:20:32.488Z,1.10845,1.10851
exness,EURUSD,2023-05-04 00:20:32.525Z,1.10844,1.10849
exness,EURUSD,2023-05-04 00:20:34.151Z,1.10845,1.10851
exness,EURUSD,2023-05-04 00:20:35.210Z,1.10846,1.10852
exness,EURUSD,2023-05-04 00:20:43.858Z,1.10845,1.10851
exness,EURUSD,2023-05-04 00:20:44.944Z,1.10844,1.1085
exness,EURUSD,2023-05-04 00:20:50.890Z,1.10845,1.10851
exness,EURUSD,2023-05-04 00:20:57.018Z,1.10844,1.1085
exness,EURUSD,2023-05-04 00:21:00.060Z,1.10846,1.10852
exness,EURUSD,2023-05-04 00:21:05.745Z,1.10848,1.10855
exness,EURUSD,2023-05-04 00:21:05.946Z,1.1085,1.10856
exness,EURUSD,2023-05-04 00:21:07.256Z,1.10848,1.10855
exness,EURUSD,2023-05-04 00:21:07.643Z,1.10848,1.10853
exness,EURUSD,2023-05-04 00:21:09.190Z,1.10846,1.10852
exness,EURUSD,2023-05-04 00:21:12.231Z,1.10849,1.10855
exness,EURUSD,2023-05-04 00:21:13.686Z,1.10847,1.10852
exness,EURUSD,2023-05-04 00:21:18.374Z,1.10848,1.10855
exness,EURUSD,2023-05-04 00:21:18.535Z,1.1085,1.10856
exness,EURUSD,2023-05-04 00:21:25.785Z,1.10849,1.10855
exness,EURUSD,2023-05-04 00:21:26.062Z,1.10847,1.10854
exness,EURUSD,2023-05-04 00:21:29.348Z,1.10846,1.10853
exness,EURUSD,2023-05-04 00:21:30.766Z,1.10848,1.10854
exness,EURUSD,2023-05-04 00:21:30.821Z,1.10849,1.10856
exness,EURUSD,2023-05-04 00:21:31.833Z,1.1085,1.10857
exness,EURUSD,2023-05-04 00:21:33.944Z,1.10852,1.10858
exness,EURUSD,2023-05-04 00:21:34.135Z,1.10854,1.1086
exness,EURUSD,2023-05-04 00:21:34.150Z,1.10855,1.10862
exness,EURUSD,2023-05-04 00:21:34.171Z,1.10857,1.10863
exness,EURUSD,2023-05-04 00:21:34.197Z,1.10858,1.10865
exness,EURUSD,2023-05-04 00:21:34.225Z,1.1086,1.10866
exness,EURUSD,2023-05-04 00:21:34.234Z,1.10862,1.10868
exness,EURUSD,2023-05-04 00:21:34.258Z,1.10863,1.1087
exness,EURUSD,2023-05-04 00:21:34.267Z,1.10865,1.10871
exness,EURUSD,2023-05-04 00:21:34.271Z,1.10866,1.10871
exness,EURUSD,2023-05-04 00:21:34.323Z,1.10865,1.10871
exness,EURUSD,2023-05-04 00:21:35.146Z,1.10863,1.10869
exness,EURUSD,2023-05-04 00:21:35.262Z,1.10862,1.10868
exness,EURUSD,2023-05-04 00:21:37.089Z,1.10863,1.10869
exness,EURUSD,2023-05-04 00:21:38.756Z,1.10862,1.10868
exness,EURUSD,2023-05-04 00:21:40.129Z,1.10863,1.1087
exness,EURUSD,2023-05-04 00:21:44.099Z,1.10866,1.10872
exness,EURUSD,2023-05-04 00:21:44.121Z,1.10867,1.10872
exness,EURUSD,2023-05-04 00:21:44.686Z,1.10868,1.10874
exness,EURUSD,2023-05-04 00:21:45.435Z,1.10869,1.10875
exness,EURUSD,2023-05-04 00:21:45.462Z,1.10871,1.10877
exness,EURUSD,2023-05-04 00:21:46.069Z,1.10869,1.10875
exness,EURUSD,2023-05-04 00:21:46.122Z,1.10868,1.10874
exness,EURUSD,2023-05-04 00:21:46.700Z,1.10867,1.10872
exness,EURUSD,2023-05-04 00:21:48.498Z,1.10866,1.10872
exness,EURUSD,2023-05-04 00:21:48.624Z,1.10864,1.10871
exness,EURUSD,2023-05-04 00:21:48.650Z,1.10863,1.10869
exness,EURUSD,2023-05-04 00:21:49.085Z,1.10864,1.10871
exness,EURUSD,2023-05-04 00:21:53.835Z,1.10866,1.10872
exness,EURUSD,2023-05-04 00:21:56.929Z,1.10864,1.1087
exness,EURUSD,2023-05-04 00:21:56.991Z,1.10863,1.10869
exness,EURUSD,2023-05-04 00:21:57.002Z,1.10861,1.10867
exness,EURUSD,2023-05-04 00:21:57.027Z,1.10859,1.10866
exness,EURUSD,2023-05-04 00:21:57.059Z,1.10858,1.10864
exness,EURUSD,2023-05-04 00:21:59.481Z,1.10859,1.10865
exness,EURUSD,2023-05-04 00:22:01.804Z,1.10857,1.10863
exness,EURUSD,2023-05-04 00:22:01.873Z,1.10857,1.10862
exness,EURUSD,2023-05-04 00:22:08.417Z,1.10857,1.10863
exness,EURUSD,2023-05-04 00:22:08.500Z,1.10859,1.10865
exness,EURUSD,2023-05-04 00:22:08.542Z,1.1086,1.10865
exness,EURUSD,2023-05-04 00:22:09.960Z,1.10858,1.10864
exness,EURUSD,2023-05-04 00:22:10.147Z,1.1086,1.10865
exness,EURUSD,2023-05-04 00:22:13.619Z,1.10859,1.10865
exness,EURUSD,2023-05-04 00:22:16.287Z,1.10858,1.10864
exness,EURUSD,2023-05-04 00:22:27.220Z,1.1086,1.10866
exness,EURUSD,2023-05-04 00:22:28.280Z,1.10858,1.10865
exness,EURUSD,2023-05-04 00:22:32.842Z,1.10856,1.10862
exness,EURUSD,2023-05-04 00:22:32.924Z,1.10855,1.10861
exness,EURUSD,2023-05-04 00:22:33.716Z,1.10856,1.10861
exness,EURUSD,2023-05-04 00:22:34.147Z,1.10855,1.10861
exness,EURUSD,2023-05-04 00:22:41.067Z,1.10853,1.10859
exness,EURUSD,2023-05-04 00:22:41.234Z,1.10852,1.10857
exness,EURUSD,2023-05-04 00:22:45.765Z,1.1085,1.10856
exness,EURUSD,2023-05-04 00:22:48.371Z,1.10851,1.10857
exness,EURUSD,2023-05-04 00:23:02.059Z,1.10849,1.10855
exness,EURUSD,2023-05-04 00:23:02.083Z,1.10847,1.10854
exness,EURUSD,2023-05-04 00:23:02.248Z,1.10847,1.10852
exness,EURUSD,2023-05-04 00:23:06.056Z,1.10844,1.10851
exness,EURUSD,2023-05-04 00:23:07.584Z,1.10844,1.10849
exness,EURUSD,2023-05-04 00:23:11.869Z,1.10841,1.10848
exness,EURUSD,2023-05-04 00:23:11.906Z,1.1084,1.10846
exness,EURUSD,2023-05-04 00:23:14.128Z,1.10841,1.10847
exness,EURUSD,2023-05-04 00:23:17.227Z,1.10839,1.10845
exness,EURUSD,2023-05-04 00:23:17.245Z,1.10837,1.10844
exness,EURUSD,2023-05-04 00:23:17.562Z,1.10837,1.10842
exness,EURUSD,2023-05-04 00:23:19.599Z,1.10835,1.10842
exness,EURUSD,2023-05-04 00:23:22.941Z,1.10836,1.10843
exness,EURUSD,2023-05-04 00:23:27.622Z,1.10835,1.10841
exness,EURUSD,2023-05-04 00:23:28.065Z,1.10834,1.10839
exness,EURUSD,2023-05-04 00:23:34.935Z,1.10834,1.1084
exness,EURUSD,2023-05-04 00:23:38.579Z,1.10833,1.10839
exness,EURUSD,2023-05-04 00:23:39.611Z,1.10832,1.10838
exness,EURUSD,2023-05-04 00:23:41.916Z,1.10832,1.10837
exness,EURUSD,2023-05-04 00:23:45.446Z,1.10833,1.1084
exness,EURUSD,2023-05-04 00:23:45.842Z,1.10835,1.10841
exness,EURUSD,2023-05-04 00:23:49.581Z,1.10837,1.10842
exness,EURUSD,2023-05-04 00:23:51.259Z,1.10838,1.10844
exness,EURUSD,2023-05-04 00:23:51.307Z,1.1084,1.10846
exness,EURUSD,2023-05-04 00:23:52.398Z,1.10841,1.10847
exness,EURUSD,2023-05-04 00:23:52.435Z,1.10843,1.10849
exness,EURUSD,2023-05-04 00:23:53.280Z,1.10844,1.10849
exness,EURUSD,2023-05-04 00:23:53.300Z,1.10844,1.10851
exness,EURUSD,2023-05-04 00:23:53.474Z,1.10847,1.10852
exness,EURUSD,2023-05-04 00:23:56.496Z,1.10848,1.10854
exness,EURUSD,2023-05-04 00:23:56.520Z,1.1085,1.10856
exness,EURUSD,2023-05-04 00:23:56.592Z,1.10851,1.10856
exness,EURUSD,2023-05-04 00:23:56.623Z,1.10852,1.10858
exness,EURUSD,2023-05-04 00:24:01.595Z,1.10852,1.10857
exness,EURUSD,2023-05-04 00:24:02.058Z,1.1085,1.10857
exness,EURUSD,2023-05-04 00:24:06.013Z,1.10848,1.10854
exness,EURUSD,2023-05-04 00:24:06.052Z,1.10847,1.10853
exness,EURUSD,2023-05-04 00:24:10.407Z,1.10845,1.10851
exness,EURUSD,2023-05-04 00:24:13.945Z,1.10844,1.1085
exness,EURUSD,2023-05-04 00:24:15.688Z,1.10842,1.10848
exness,EURUSD,2023-05-04 00:24:16.827Z,1.10844,1.10849
exness,EURUSD,2023-05-04 00:24:16.845Z,1.10845,1.10851
exness,EURUSD,2023-05-04 00:24:16.932Z,1.10847,1.10853
exness,EURUSD,2023-05-04 00:24:16.944Z,1.10848,1.10854
exness,EURUSD,2023-05-04 00:24:16.973Z,1.1085,1.10856
exness,EURUSD,2023-05-04 00:24:16.984Z,1.10851,1.10857
exness,EURUSD,2023-05-04 00:24:16.990Z,1.10853,1.10859
exness,EURUSD,2023-05-04 00:24:17.456Z,1.10852,1.10857
exness,EURUSD,2023-05-04 00:24:18.541Z,1.1085,1.10857
exness,EURUSD,2023-05-04 00:24:21.114Z,1.10853,1.10859
exness,EURUSD,2023-05-04 00:24:21.157Z,1.10854,1.10861
exness,EURUSD,2023-05-04 00:24:26.297Z,1.10853,1.10859
exness,EURUSD,2023-05-04 00:24:28.963Z,1.10852,1.10858
exness,EURUSD,2023-05-04 00:24:30.633Z,1.1085,1.10856
exness,EURUSD,2023-05-04 00:24:30.653Z,1.10848,1.10854
exness,EURUSD,2023-05-04 00:24:30.697Z,1.10847,1.10853
exness,EURUSD,2023-05-04 00:24:32.643Z,1.10846,1.10852
exness,EURUSD,2023-05-04 00:24:39.152Z,1.10844,1.1085
exness,EURUSD,2023-05-04 00:24:46.172Z,1.10842,1.10848
exness,EURUSD,2023-05-04 00:24:47.637Z,1.10844,1.1085
exness,EURUSD,2023-05-04 00:24:47.743Z,1.10846,1.10851
exness,EURUSD,2023-05-04 00:24:48.743Z,1.10846,1.10852
exness,EURUSD,2023-05-04 00:25:02.457Z,1.10844,1.10851
exness,EURUSD,2023-05-04 00:25:02.640Z,1.10843,1.10849
exness,EURUSD,2023-05-04 00:25:02.752Z,1.10843,1.10848
exness,EURUSD,2023-05-04 00:25:03.524Z,1.10841,1.10847
exness,EURUSD,2023-05-04 00:25:03.990Z,1.1084,1.10845
exness,EURUSD,2023-05-04 00:25:05.490Z,1.10839,1.10845
exness,EURUSD,2023-05-04 00:25:05.506Z,1.10837,1.10843
exness,EURUSD,2023-05-04 00:25:05.572Z,1.10836,1.10841
exness,EURUSD,2023-05-04 00:25:05.600Z,1.10834,1.10841
exness,EURUSD,2023-05-04 00:25:07.762Z,1.10833,1.1084
exness,EURUSD,2023-05-04 00:25:07.795Z,1.10832,1.10838
exness,EURUSD,2023-05-04 00:25:09.801Z,1.1083,1.10837
exness,EURUSD,2023-05-04 00:25:09.823Z,1.10829,1.10835
exness,EURUSD,2023-05-04 00:25:10.970Z,1.10828,1.10833
exness,EURUSD,2023-05-04 00:25:11.227Z,1.10826,1.10832
exness,EURUSD,2023-05-04 00:25:12.817Z,1.10825,1.10831
exness,EURUSD,2023-05-04 00:25:13.381Z,1.10824,1.10829
exness,EURUSD,2023-05-04 00:25:13.403Z,1.10825,1.10831
exness,EURUSD,2023-05-04 00:25:15.555Z,1.10822,1.10829
exness,EURUSD,2023-05-04 00:25:15.576Z,1.10822,1.10827
exness,EURUSD,2023-05-04 00:25:15.607Z,1.1082,1.10826
exness,EURUSD,2023-05-04 00:25:15.614Z,1.10819,1.10825
exness,EURUSD,2023-05-04 00:25:16.262Z,1.10818,1.10823
exness,EURUSD,2023-05-04 00:25:25.972Z,1.10817,1.10823
exness,EURUSD,2023-05-04 00:25:26.989Z,1.10816,1.10822
exness,EURUSD,2023-05-04 00:25:32.915Z,1.10814,1.10821
exness,EURUSD,2023-05-04 00:25:32.928Z,1.10813,1.10819
exness,EURUSD,2023-05-04 00:25:32.959Z,1.10811,1.10817
exness,EURUSD,2023-05-04 00:25:35.621Z,1.10812,1.10819
exness,EURUSD,2023-05-04 00:25:36.966Z,1.1081,1.10817
exness,EURUSD,2023-05-04 00:25:41.858Z,1.10812,1.10818
exness,EURUSD,2023-05-04 00:25:42.708Z,1.10813,1.10818
exness,EURUSD,2023-05-04 00:25:42.733Z,1.10814,1.1082
exness,EURUSD,2023-05-04 00:25:44.182Z,1.10815,1.10821
exness,EURUSD,2023-05-04 00:25:44.251Z,1.10815,1.1082
exness,EURUSD,2023-05-04 00:25:44.737Z,1.10814,1.10819
exness,EURUSD,2023-05-04 00:25:45.623Z,1.10814,1.1082
exness,EURUSD,2023-05-04 00:25:47.991Z,1.10815,1.10822
exness,EURUSD,2023-05-04 00:25:51.098Z,1.10814,1.10821
exness,EURUSD,2023-05-04 00:25:51.118Z,1.10813,1.10819
exness,EURUSD,2023-05-04 00:25:51.362Z,1.10811,1.10817
exness,EURUSD,2023-05-04 00:25:57.235Z,1.1081,1.10816
exness,EURUSD,2023-05-04 00:26:15.610Z,1.10809,1.10815
exness,EURUSD,2023-05-04 00:26:19.126Z,1.1081,1.10815
exness,EURUSD,2023-05-04 00:26:26.597Z,1.10809,1.10815
exness,EURUSD,2023-05-04 00:26:26.617Z,1.10807,1.10813
exness,EURUSD,2023-05-04 00:26:26.654Z,1.10806,1.10812
exness,EURUSD,2023-05-04 00:26:27.683Z,1.10805,1.10811
exness,EURUSD,2023-05-04 00:26:28.693Z,1.10806,1.10812
exness,EURUSD,2023-05-04 00:26:32.017Z,1.10804,1.10811
exness,EURUSD,2023-05-04 00:26:37.444Z,1.10806,1.10812
exness,EURUSD,2023-05-04 00:26:48.485Z,1.10807,1.10813
exness,EURUSD,2023-05-04 00:26:48.616Z,1.10808,1.10813
exness,EURUSD,2023-05-04 00:26:49.359Z,1.10807,1.10813
exness,EURUSD,2023-05-04 00:26:49.390Z,1.10805,1.10811
exness,EURUSD,2023-05-04 00:27:00.454Z,1.10808,1.10814
exness,EURUSD,2023-05-04 00:27:00.681Z,1.10806,1.10812
exness,EURUSD,2023-05-04 00:27:00.919Z,1.10804,1.10811
exness,EURUSD,2023-05-04 00:27:00.954Z,1.10803,1.10809
exness,EURUSD,2023-05-04 00:27:01.129Z,1.10801,1.10808
exness,EURUSD,2023-05-04 00:27:01.648Z,1.108,1.10806
exness,EURUSD,2023-05-04 00:27:13.587Z,1.10798,1.10804
exness,EURUSD,2023-05-04 00:27:13.605Z,1.10796,1.10803
exness,EURUSD,2023-05-04 00:27:13.678Z,1.10795,1.10801
exness,EURUSD,2023-05-04 00:27:18.250Z,1.10793,1.108
exness,EURUSD,2023-05-04 00:27:18.273Z,1.10792,1.10798
exness,EURUSD,2023-05-04 00:27:18.289Z,1.1079,1.10797
exness,EURUSD,2023-05-04 00:27:18.321Z,1.10789,1.10795
exness,EURUSD,2023-05-04 00:27:18.393Z,1.10787,1.10793
exness,EURUSD,2023-05-04 00:27:18.784Z,1.10787,1.10792
exness,EURUSD,2023-05-04 00:27:20.043Z,1.10785,1.10792
exness,EURUSD,2023-05-04 00:27:26.364Z,1.10787,1.10793
exness,EURUSD,2023-05-04 00:27:26.401Z,1.10789,1.10795
exness,EURUSD,2023-05-04 00:27:27.276Z,1.1079,1.10795
exness,EURUSD,2023-05-04 00:27:29.595Z,1.1079,1.10797
exness,EURUSD,2023-05-04 00:27:29.621Z,1.10792,1.10798
exness,EURUSD,2023-05-04 00:27:37.155Z,1.1079,1.10797
exness,EURUSD,2023-05-04 00:27:59.908Z,1.10792,1.10798
exness,EURUSD,2023-05-04 00:28:00.442Z,1.10791,1.10797
exness,EURUSD,2023-05-04 00:28:08.448Z,1.1079,1.10796
exness,EURUSD,2023-05-04 00:28:13.591Z,1.10788,1.10794
exness,EURUSD,2023-05-04 00:28:13.618Z,1.10786,1.10792
exness,EURUSD,2023-05-04 00:28:14.756Z,1.10785,1.10791
exness,EURUSD,2023-05-04 00:28:22.689Z,1.10787,1.10793
exness,EURUSD,2023-05-04 00:28:23.726Z,1.10788,1.10793
exness,EURUSD,2023-05-04 00:28:27.404Z,1.10789,1.10795
exness,EURUSD,2023-05-04 00:28:28.717Z,1.1079,1.10796
exness,EURUSD,2023-05-04 00:28:36.339Z,1.10788,1.10795
exness,EURUSD,2023-05-04 00:28:38.805Z,1.10787,1.10793
exness,EURUSD,2023-05-04 00:28:40.196Z,1.10785,1.10791
exness,EURUSD,2023-05-04 00:28:43.906Z,1.10783,1.1079
exness,EURUSD,2023-05-04 00:28:43.921Z,1.10782,1.10788
exness,EURUSD,2023-05-04 00:28:45.285Z,1.10781,1.10787
exness,EURUSD,2023-05-04 00:28:45.365Z,1.10779,1.10785
exness,EURUSD,2023-05-04 00:28:45.396Z,1.10777,1.10784
exness,EURUSD,2023-05-04 00:28:45.400Z,1.10776,1.10782
exness,EURUSD,2023-05-04 00:28:47.240Z,1.10775,1.10781
exness,EURUSD,2023-05-04 00:28:47.276Z,1.10773,1.10779
exness,EURUSD,2023-05-04 00:28:50.016Z,1.10775,1.10781
exness,EURUSD,2023-05-04 00:28:50.066Z,1.10776,1.10782
exness,EURUSD,2023-05-04 00:28:51.867Z,1.10777,1.10784
exness,EURUSD,2023-05-04 00:28:58.357Z,1.10779,1.10786
exness,EURUSD,2023-05-04 00:29:05.753Z,1.10778,1.10785
exness,EURUSD,2023-05-04 00:29:05.795Z,1.10777,1.10783
exness,EURUSD,2023-05-04 00:29:06.352Z,1.10776,1.10781
exness,EURUSD,2023-05-04 00:29:10.540Z,1.10774,1.1078
exness,EURUSD,2023-05-04 00:29:11.095Z,1.10773,1.10778
exness,EURUSD,2023-05-04 00:29:12.490Z,1.10774,1.1078
exness,EURUSD,2023-05-04 00:29:12.516Z,1.10775,1.10782
exness,EURUSD,2023-05-04 00:29:14.436Z,1.10777,1.10782
exness,EURUSD,2023-05-04 00:29:16.590Z,1.10776,1.10782
exness,EURUSD,2023-05-04 00:29:16.605Z,1.10775,1.10781
exness,EURUSD,2023-05-04 00:29:16.632Z,1.10773,1.10779
exness,EURUSD,2023-05-04 00:29:16.655Z,1.10773,1.10778
exness,EURUSD,2023-05-04 00:29:17.712Z,1.10774,1.1078
exness,EURUSD,2023-05-04 00:29:17.882Z,1.10775,1.1078
exness,EURUSD,2023-05-04 00:29:17.988Z,1.10776,1.10782
exness,EURUSD,2023-05-04 00:29:18.088Z,1.10777,1.10782
exness,EURUSD,2023-05-04 00:29:20.838Z,1.10778,1.10784
exness,EURUSD,2023-05-04 00:29:22.293Z,1.10777,1.10782
exness,EURUSD,2023-05-04 00:29:23.294Z,1.10776,1.10782
exness,EURUSD,2023-05-04 00:29:24.717Z,1.10777,1.10783
exness,EURUSD,2023-05-04 00:29:39.851Z,1.10776,1.10782
exness,EURUSD,2023-05-04 00:29:40.677Z,1.10777,1.10784
exness,EURUSD,2023-05-04 00:29:40.697Z,1.10779,1.10785
exness,EURUSD,2023-05-04 00:29:41.172Z,1.10781,1.10787
exness,EURUSD,2023-05-04 00:29:41.192Z,1.10779,1.10785
exness,EURUSD,2023-05-04 00:29:41.213Z,1.10777,1.10784
exness,EURUSD,2023-05-04 00:29:41.574Z,1.10777,1.10782
exness,EURUSD,2023-05-04 00:29:41.885Z,1.10775,1.10782
exness,EURUSD,2023-05-04 00:29:43.184Z,1.10774,1.10781
exness,EURUSD,2023-05-04 00:29:43.342Z,1.10774,1.10779
exness,EURUSD,2023-05-04 00:29:48.414Z,1.10775,1.10781
exness,EURUSD,2023-05-04 00:29:53.518Z,1.10776,1.10781
exness,EURUSD,2023-05-04 00:30:01.206Z,1.10776,1.10782
exness,EURUSD,2023-05-04 00:30:13.145Z,1.10777,1.10782
exness,EURUSD,2023-05-04 00:30:18.723Z,1.10778,1.10784
exness,EURUSD,2023-05-04 00:30:18.755Z,1.10779,1.10786
exness,EURUSD,2023-05-04 00:30:18.793Z,1.10781,1.10787
exness,EURUSD,2023-05-04 00:30:19.830Z,1.10779,1.10785
exness,EURUSD,2023-05-04 00:30:19.899Z,1.10778,1.10784
exness,EURUSD,2023-05-04 00:30:20.121Z,1.10777,1.10782
exness,EURUSD,2023-05-04 00:30:20.135Z,1.10775,1.10782
exness,EURUSD,2023-05-04 00:30:20.363Z,1.10775,1.1078
exness,EURUSD,2023-05-04 00:30:22.501Z,1.10776,1.10782
exness,EURUSD,2023-05-04 00:30:26.451Z,1.10774,1.10781
exness,EURUSD,2023-05-04 00:30:26.504Z,1.10774,1.10779
exness,EURUSD,2023-05-04 00:30:31.127Z,1.10775,1.10781
exness,EURUSD,2023-05-04 00:30:32.833Z,1.10777,1.10783
exness,EURUSD,2023-05-04 00:30:32.840Z,1.10778,1.10785
exness,EURUSD,2023-05-04 00:30:33.198Z,1.1078,1.10785
exness,EURUSD,2023-05-04 00:30:35.510Z,1.1078,1.10787
exness,EURUSD,2023-05-04 00:30:35.530Z,1.10782,1.10788
exness,EURUSD,2023-05-04 00:30:35.617Z,1.10784,1.1079
exness,EURUSD,2023-05-04 00:30:35.662Z,1.10785,1.10792
exness,EURUSD,2023-05-04 00:30:36.057Z,1.10787,1.10793
exness,EURUSD,2023-05-04 00:30:36.987Z,1.10788,1.10795
exness,EURUSD,2023-05-04 00:30:37.517Z,1.1079,1.10796
exness,EURUSD,2023-05-04 00:30:46.840Z,1.10791,1.10797
exness,EURUSD,2023-05-04 00:30:47.884Z,1.10789,1.10796
exness,EURUSD,2023-05-04 00:30:54.788Z,1.10792,1.10798
exness,EURUSD,2023-05-04 00:30:54.811Z,1.10793,1.10799
exness,EURUSD,2023-05-04 00:30:54.919Z,1.10795,1.10801
exness,EURUSD,2023-05-04 00:31:00.150Z,1.10793,1.10799
exness,EURUSD,2023-05-04 00:31:07.643Z,1.10795,1.10801
exness,EURUSD,2023-05-04 00:31:08.916Z,1.10796,1.10802
exness,EURUSD,2023-05-04 00:31:20.375Z,1.10797,1.10802
exness,EURUSD,2023-05-04 00:31:26.220Z,1.10797,1.10804
exness,EURUSD,2023-05-04 00:31:26.252Z,1.10799,1.10805
exness,EURUSD,2023-05-04 00:31:26.291Z,1.108,1.10807
exness,EURUSD,2023-05-04 00:31:28.508Z,1.10802,1.10807
exness,EURUSD,2023-05-04 00:31:31.785Z,1.10799,1.10806
exness,EURUSD,2023-05-04 00:31:33.171Z,1.10798,1.10805
exness,EURUSD,2023-05-04 00:31:33.511Z,1.10797,1.10803
exness,EURUSD,2023-05-04 00:31:35.062Z,1.10799,1.10805
exness,EURUSD,2023-05-04 00:31:35.090Z,1.108,1.10806
exness,EURUSD,2023-05-04 00:31:35.141Z,1.10802,1.10808
exness,EURUSD,2023-05-04 00:31:48.710Z,1.10803,1.10809
exness,EURUSD,2023-05-04 00:31:48.766Z,1.10805,1.10811
exness,EURUSD,2023-05-04 00:31:49.773Z,1.10806,1.10812
exness,EURUSD,2023-05-04 00:31:58.665Z,1.10805,1.10811
exness,EURUSD,2023-05-04 00:31:58.723Z,1.10803,1.1081
exness,EURUSD,2023-05-04 00:31:59.781Z,1.10803,1.10808
exness,EURUSD,2023-05-04 00:32:03.842Z,1.10803,1.10809
exness,EURUSD,2023-05-04 00:32:04.054Z,1.10805,1.1081
exness,EURUSD,2023-05-04 00:32:06.106Z,1.10805,1.10811
exness,EURUSD,2023-05-04 00:32:06.341Z,1.10805,1.1081
exness,EURUSD,2023-05-04 00:32:11.825Z,1.10803,1.1081
exness,EURUSD,2023-05-04 00:32:14.364Z,1.10805,1.10811
exness,EURUSD,2023-05-04 00:32:16.435Z,1.10806,1.10811
exness,EURUSD,2023-05-04 00:32:16.945Z,1.10805,1.10811
exness,EURUSD,2023-05-04 00:32:20.289Z,1.10806,1.10811
exness,EURUSD,2023-05-04 00:32:21.947Z,1.10804,1.1081
exness,EURUSD,2023-05-04 00:32:25.367Z,1.10806,1.10811
exness,EURUSD,2023-05-04 00:32:27.919Z,1.10806,1.10812
exness,EURUSD,2023-05-04 00:32:33.600Z,1.10804,1.10811
exness,EURUSD,2023-05-04 00:32:34.772Z,1.10806,1.10812
exness,EURUSD,2023-05-04 00:32:51.191Z,1.10807,1.10813
exness,EURUSD,2023-05-04 00:32:55.201Z,1.10806,1.10812
exness,EURUSD,2023-05-04 00:32:55.238Z,1.10807,1.10813
exness,EURUSD,2023-05-04 00:32:55.324Z,1.10805,1.10811
exness,EURUSD,2023-05-04 00:32:55.338Z,1.10803,1.10809
exness,EURUSD,2023-05-04 00:32:56.847Z,1.10803,1.10808
exness,EURUSD,2023-05-04 00:33:14.724Z,1.10803,1.1081
exness,EURUSD,2023-05-04 00:33:16.103Z,1.10802,1.10809
exness,EURUSD,2023-05-04 00:33:21.339Z,1.10802,1.10807
exness,EURUSD,2023-05-04 00:33:21.566Z,1.10801,1.10807
exness,EURUSD,2023-05-04 00:33:21.605Z,1.10799,1.10805
exness,EURUSD,2023-05-04 00:33:21.657Z,1.10797,1.10804
exness,EURUSD,2023-05-04 00:33:30.778Z,1.108,1.10806
exness,EURUSD,2023-05-04 00:33:36.146Z,1.10798,1.10804
exness,EURUSD,2023-05-04 00:33:36.795Z,1.10797,1.10802
exness,EURUSD,2023-05-04 00:33:54.383Z,1.10796,1.10802
exness,EURUSD,2023-05-04 00:33:59.201Z,1.10798,1.10804
exness,EURUSD,2023-05-04 00:33:59.336Z,1.10799,1.10806
exness,EURUSD,2023-05-04 00:34:00.105Z,1.10801,1.10806
exness,EURUSD,2023-05-04 00:34:08.575Z,1.108,1.10806
exness,EURUSD,2023-05-04 00:34:11.081Z,1.10802,1.10807
exness,EURUSD,2023-05-04 00:34:18.192Z,1.10799,1.10806
exness,EURUSD,2023-05-04 00:34:20.504Z,1.10801,1.10806
exness,EURUSD,2023-05-04 00:34:21.786Z,1.108,1.10806
exness,EURUSD,2023-05-04 00:34:25.079Z,1.10798,1.10804
exness,EURUSD,2023-05-04 00:34:25.112Z,1.10796,1.10802
exness,EURUSD,2023-05-04 00:34:25.157Z,1.10795,1.10801
exness,EURUSD,2023-05-04 00:34:25.189Z,1.10793,1.10799
exness,EURUSD,2023-05-04 00:34:29.493Z,1.10792,1.10797
exness,EURUSD,2023-05-04 00:34:34.434Z,1.1079,1.10797
exness,EURUSD,2023-05-04 00:34:41.684Z,1.10792,1.10798
exness,EURUSD,2023-05-04 00:34:41.724Z,1.10794,1.108
exness,EURUSD,2023-05-04 00:34:42.311Z,1.10796,1.10801
exness,EURUSD,2023-05-04 00:34:47.456Z,1.10794,1.108
exness,EURUSD,2023-05-04 00:34:48.269Z,1.10792,1.10798
exness,EURUSD,2023-05-04 00:34:48.554Z,1.10794,1.108
exness,EURUSD,2023-05-04 00:34:51.489Z,1.10795,1.108
exness,EURUSD,2023-05-04 00:34:51.515Z,1.10795,1.10802
exness,EURUSD,2023-05-04 00:34:51.521Z,1.10797,1.10803
exness,EURUSD,2023-05-04 00:34:51.528Z,1.10798,1.10805
exness,EURUSD,2023-05-04 00:34:51.589Z,1.108,1.10806
exness,EURUSD,2023-05-04 00:34:53.079Z,1.10801,1.10806
exness,EURUSD,2023-05-04 00:34:57.387Z,1.10799,1.10806
exness,EURUSD,2023-05-04 00:35:01.557Z,1.10797,1.10804
exness,EURUSD,2023-05-04 00:35:02.285Z,1.10796,1.10802
exness,EURUSD,2023-05-04 00:35:02.320Z,1.10794,1.108
exness,EURUSD,2023-05-04 00:35:02.362Z,1.10793,1.10799
exness,EURUSD,2023-05-04 00:35:02.457Z,1.10791,1.10797
exness,EURUSD,2023-05-04 00:35:08.497Z,1.10792,1.10799
exness,EURUSD,2023-05-04 00:35:08.870Z,1.10791,1.10797
exness,EURUSD,2023-05-04 00:35:28.177Z,1.10789,1.10795
exness,EURUSD,2023-05-04 00:35:39.905Z,1.10787,1.10793
exness,EURUSD,2023-05-04 00:35:39.929Z,1.10786,1.10792
exness,EURUSD,2023-05-04 00:35:40.008Z,1.10785,1.1079
exness,EURUSD,2023-05-04 00:35:41.161Z,1.10786,1.10792
exness,EURUSD,2023-05-04 00:35:45.518Z,1.10784,1.10791
exness,EURUSD,2023-05-04 00:35:45.562Z,1.10783,1.10789
exness,EURUSD,2023-05-04 00:35:50.716Z,1.10781,1.10787
exness,EURUSD,2023-05-04 00:35:55.352Z,1.1078,1.10786
exness,EURUSD,2023-05-04 00:36:03.290Z,1.10778,1.10785
exness,EURUSD,2023-05-04 00:36:03.905Z,1.10777,1.10783
exness,EURUSD,2023-05-04 00:36:09.872Z,1.10778,1.10784
exness,EURUSD,2023-05-04 00:36:10.230Z,1.1078,1.10786
exness,EURUSD,2023-05-04 00:36:19.174Z,1.10782,1.10788
exness,EURUSD,2023-05-04 00:36:19.198Z,1.10783,1.1079
exness,EURUSD,2023-05-04 00:36:19.246Z,1.10785,1.10792
exness,EURUSD,2023-05-04 00:36:19.787Z,1.10787,1.10792
exness,EURUSD,2023-05-04 00:36:27.329Z,1.10788,1.10794
exness,EURUSD,2023-05-04 00:36:27.419Z,1.1079,1.10796
exness,EURUSD,2023-05-04 00:36:28.177Z,1.10791,1.10796
exness,EURUSD,2023-05-04 00:36:32.818Z,1.10791,1.10797
exness,EURUSD,2023-05-04 00:36:59.433Z,1.10793,1.10798
exness,EURUSD,2023-05-04 00:37:00.150Z,1.10794,1.108
exness,EURUSD,2023-05-04 00:37:01.087Z,1.10796,1.10801
exness,EURUSD,2023-05-04 00:37:04.967Z,1.10794,1.10801
exness,EURUSD,2023-05-04 00:37:05.137Z,1.10793,1.10799
exness,EURUSD,2023-05-04 00:37:07.047Z,1.10791,1.10797
exness,EURUSD,2023-05-04 00:37:07.105Z,1.10789,1.10795
exness,EURUSD,2023-05-04 00:37:08.005Z,1.10791,1.10796
exness,EURUSD,2023-05-04 00:37:09.562Z,1.10789,1.10796
exness,EURUSD,2023-05-04 00:37:17.576Z,1.10788,1.10794
exness,EURUSD,2023-05-04 00:37:20.454Z,1.10787,1.10793
exness,EURUSD,2023-05-04 00:37:20.707Z,1.10785,1.10791
exness,EURUSD,2023-05-04 00:37:21.747Z,1.10784,1.1079
exness,EURUSD,2023-05-04 00:37:22.341Z,1.10785,1.10791
exness,EURUSD,2023-05-04 00:37:23.159Z,1.10784,1.10789
exness,EURUSD,2023-05-04 00:37:23.364Z,1.10783,1.10789
exness,EURUSD,2023-05-04 00:37:25.841Z,1.10782,1.10788
exness,EURUSD,2023-05-04 00:37:33.337Z,1.10783,1.10789
exness,EURUSD,2023-05-04 00:37:33.470Z,1.10784,1.10791
exness,EURUSD,2023-05-04 00:37:35.548Z,1.10786,1.10792
exness,EURUSD,2023-05-04 00:37:49.157Z,1.10787,1.10794
exness,EURUSD,2023-05-04 00:37:49.264Z,1.10789,1.10795
exness,EURUSD,2023-05-04 00:37:49.574Z,1.10787,1.10794
exness,EURUSD,2023-05-04 00:37:53.507Z,1.10788,1.10795
exness,EURUSD,2023-05-04 00:37:53.625Z,1.1079,1.10796
exness,EURUSD,2023-05-04 00:37:55.320Z,1.10788,1.10795
exness,EURUSD,2023-05-04 00:37:55.335Z,1.10787,1.10793
exness,EURUSD,2023-05-04 00:37:55.840Z,1.10786,1.10791
exness,EURUSD,2023-05-04 00:38:01.272Z,1.10788,1.10794
exness,EURUSD,2023-05-04 00:38:02.027Z,1.10789,1.10796
exness,EURUSD,2023-05-04 00:38:07.558Z,1.10787,1.10793
exness,EURUSD,2023-05-04 00:38:08.236Z,1.10787,1.10792
exness,EURUSD,2023-05-04 00:38:21.385Z,1.10785,1.10791
exness,EURUSD,2023-05-04 00:38:23.734Z,1.10786,1.10791
exness,EURUSD,2023-05-04 00:38:26.192Z,1.10787,1.10793
exness,EURUSD,2023-05-04 00:38:33.391Z,1.10785,1.10792
exness,EURUSD,2023-05-04 00:38:38.530Z,1.10785,1.1079
exness,EURUSD,2023-05-04 00:38:44.967Z,1.10783,1.10789
exness,EURUSD,2023-05-04 00:38:44.982Z,1.10781,1.10787
exness,EURUSD,2023-05-04 00:38:45.060Z,1.10781,1.10786
exness,EURUSD,2023-05-04 00:38:46.094Z,1.10781,1.10787
exness,EURUSD,2023-05-04 00:39:02.261Z,1.10782,1.10789
exness,EURUSD,2023-05-04 00:39:02.855Z,1.10784,1.1079
exness,EURUSD,2023-05-04 00:39:08.566Z,1.10784,1.10789
exness,EURUSD,2023-05-04 00:39:09.025Z,1.10784,1.10791
exness,EURUSD,2023-05-04 00:39:11.191Z,1.10786,1.10791
exness,EURUSD,2023-05-04 00:39:13.945Z,1.10786,1.10793
exness,EURUSD,2023-05-04 00:39:14.807Z,1.10788,1.10793
exness,EURUSD,2023-05-04 00:39:22.938Z,1.10788,1.10794
exness,EURUSD,2023-05-04 00:39:27.495Z,1.10787,1.10793
exness,EURUSD,2023-05-04 00:39:39.314Z,1.10785,1.10791
exness,EURUSD,2023-05-04 00:39:39.330Z,1.10783,1.1079
exness,EURUSD,2023-05-04 00:39:39.345Z,1.10781,1.10788
exness,EURUSD,2023-05-04 00:39:39.550Z,1.1078,1.10786
exness,EURUSD,2023-05-04 00:39:41.431Z,1.10778,1.10784
exness,EURUSD,2023-05-04 00:39:43.348Z,1.1078,1.10786
exness,EURUSD,2023-05-04 00:40:06.599Z,1.10782,1.10787
exness,EURUSD,2023-05-04 00:40:12.671Z,1.10781,1.10787
exness,EURUSD,2023-05-04 00:40:27.401Z,1.10782,1.10789
exness,EURUSD,2023-05-04 00:40:27.440Z,1.10784,1.10791
exness,EURUSD,2023-05-04 00:40:27.556Z,1.10786,1.10792
exness,EURUSD,2023-05-04 00:40:42.953Z,1.10783,1.1079
exness,EURUSD,2023-05-04 00:40:46.143Z,1.10782,1.10789
exness,EURUSD,2023-05-04 00:40:46.176Z,1.10784,1.1079
exness,EURUSD,2023-05-04 00:40:53.663Z,1.10783,1.10789
exness,EURUSD,2023-05-04 00:41:00.099Z,1.10785,1.10791
exness,EURUSD,2023-05-04 00:41:15.216Z,1.10788,1.10794
exness,EURUSD,2023-05-04 00:41:15.244Z,1.10789,1.10795
exness,EURUSD,2023-05-04 00:41:15.330Z,1.10791,1.10797
exness,EURUSD,2023-05-04 00:41:15.349Z,1.10792,1.10798
exness,EURUSD,2023-05-04 00:41:15.364Z,1.10794,1.108
exness,EURUSD,2023-05-04 00:41:20.614Z,1.10792,1.10799
exness,EURUSD,2023-05-04 00:41:27.589Z,1.10791,1.10798
exness,EURUSD,2023-05-04 00:41:50.310Z,1.10789,1.10795
exness,EURUSD,2023-05-04 00:41:50.314Z,1.10787,1.10794
exness,EURUSD,2023-05-04 00:41:50.360Z,1.10786,1.10792
exness,EURUSD,2023-05-04 00:41:50.452Z,1.10784,1.10791
exness,EURUSD,2023-05-04 00:41:53.054Z,1.10786,1.10792
exness,EURUSD,2023-05-04 00:41:53.064Z,1.10787,1.10794
exness,EURUSD,2023-05-04 00:41:53.141Z,1.10789,1.10794
exness,EURUSD,2023-05-04 00:41:53.735Z,1.1079,1.10795
exness,EURUSD,2023-05-04 00:42:09.453Z,1.10788,1.10794
exness,EURUSD,2023-05-04 00:42:10.714Z,1.10787,1.10793
exness,EURUSD,2023-05-04 00:42:19.151Z,1.10788,1.10793
exness,EURUSD,2023-05-04 00:42:21.543Z,1.10789,1.10795
exness,EURUSD,2023-05-04 00:42:23.435Z,1.10787,1.10793
exness,EURUSD,2023-05-04 00:42:23.554Z,1.10785,1.10792
exness,EURUSD,2023-05-04 00:42:23.583Z,1.10783,1.1079
exness,EURUSD,2023-05-04 00:42:23.593Z,1.10782,1.10788
exness,EURUSD,2023-05-04 00:42:23.606Z,1.1078,1.10786
exness,EURUSD,2023-05-04 00:42:23.624Z,1.10779,1.10785
exness,EURUSD,2023-05-04 00:42:23.810Z,1.10777,1.10783
exness,EURUSD,2023-05-04 00:42:24.180Z,1.10779,1.10785
exness,EURUSD,2023-05-04 00:42:27.738Z,1.10781,1.10787
exness,EURUSD,2023-05-04 00:42:46.181Z,1.10779,1.10786
exness,EURUSD,2023-05-04 00:42:46.209Z,1.10778,1.10784
exness,EURUSD,2023-05-04 00:42:46.890Z,1.10777,1.10782
exness,EURUSD,2023-05-04 00:43:02.818Z,1.10775,1.10781
exness,EURUSD,2023-05-04 00:43:07.616Z,1.10776,1.10782
exness,EURUSD,2023-05-04 00:43:07.628Z,1.10778,1.10784
exness,EURUSD,2023-05-04 00:43:08.709Z,1.10779,1.10785
exness,EURUSD,2023-05-04 00:43:13.988Z,1.10777,1.10784
exness,EURUSD,2023-05-04 00:43:16.890Z,1.10779,1.10784
exness,EURUSD,2023-05-04 00:43:16.925Z,1.10779,1.10785
exness,EURUSD,2023-05-04 00:43:19.353Z,1.1078,1.10787
exness,EURUSD,2023-05-04 00:43:25.116Z,1.10779,1.10785
exness,EURUSD,2023-05-04 00:43:26.079Z,1.10777,1.10784
exness,EURUSD,2023-05-04 00:43:34.776Z,1.10777,1.10782
exness,EURUSD,2023-05-04 00:43:42.133Z,1.10775,1.10782
exness,EURUSD,2023-05-04 00:43:42.194Z,1.10774,1.1078
exness,EURUSD,2023-05-04 00:43:51.142Z,1.10772,1.10778
exness,EURUSD,2023-05-04 00:43:51.296Z,1.10771,1.10777
exness,EURUSD,2023-05-04 00:43:54.256Z,1.10772,1.10777
exness,EURUSD,2023-05-04 00:43:55.773Z,1.10771,1.10777
exness,EURUSD,2023-05-04 00:43:58.258Z,1.10769,1.10775
exness,EURUSD,2023-05-04 00:43:58.277Z,1.10767,1.10774
exness,EURUSD,2023-05-04 00:43:58.313Z,1.10765,1.10771
exness,EURUSD,2023-05-04 00:43:58.317Z,1.10763,1.1077
exness,EURUSD,2023-05-04 00:43:58.361Z,1.10762,1.10768
exness,EURUSD,2023-05-04 00:44:13.171Z,1.10761,1.10767
exness,EURUSD,2023-05-04 00:44:14.663Z,1.10759,1.10765
exness,EURUSD,2023-05-04 00:44:14.827Z,1.10759,1.10764
exness,EURUSD,2023-05-04 00:44:14.996Z,1.10759,1.10765
exness,EURUSD,2023-05-04 00:44:15.562Z,1.10761,1.10766
exness,EURUSD,2023-05-04 00:44:18.454Z,1.10759,1.10765
exness,EURUSD,2023-05-04 00:44:23.391Z,1.1076,1.10767
exness,EURUSD,2023-05-04 00:44:48.622Z,1.10762,1.10767
exness,EURUSD,2023-05-04 00:44:53.579Z,1.10763,1.10769
exness,EURUSD,2023-05-04 00:44:53.630Z,1.10764,1.10771
exness,EURUSD,2023-05-04 00:44:54.533Z,1.10766,1.10771
exness,EURUSD,2023-05-04 00:44:55.566Z,1.10766,1.10773
exness,EURUSD,2023-05-04 00:44:58.546Z,1.10767,1.10774
exness,EURUSD,2023-05-04 00:45:00.947Z,1.10768,1.10775
exness,EURUSD,2023-05-04 00:45:01.483Z,1.10767,1.10773
exness,EURUSD,2023-05-04 00:45:07.722Z,1.10769,1.10774
exness,EURUSD,2023-05-04 00:45:07.901Z,1.10767,1.10773
exness,EURUSD,2023-05-04 00:45:21.447Z,1.10768,1.10775
exness,EURUSD,2023-05-04 00:45:30.920Z,1.1077,1.10776
exness,EURUSD,2023-05-04 00:45:43.286Z,1.10772,1.10778
exness,EURUSD,2023-05-04 00:46:24.029Z,1.1077,1.10776
exness,EURUSD,2023-05-04 00:46:25.066Z,1.10768,1.10774
exness,EURUSD,2023-05-04 00:46:25.089Z,1.1077,1.10776
exness,EURUSD,2023-05-04 00:46:25.114Z,1.10771,1.10778
exness,EURUSD,2023-05-04 00:46:31.579Z,1.1077,1.10777
exness,EURUSD,2023-05-04 00:46:31.638Z,1.10769,1.10775
exness,EURUSD,2023-05-04 00:46:33.693Z,1.1077,1.10777
exness,EURUSD,2023-05-04 00:46:38.987Z,1.10772,1.10777
exness,EURUSD,2023-05-04 00:46:41.149Z,1.10771,1.10777
exness,EURUSD,2023-05-04 00:46:41.630Z,1.10769,1.10775
exness,EURUSD,2023-05-04 00:46:45.707Z,1.10771,1.10777
exness,EURUSD,2023-05-04 00:46:45.723Z,1.10773,1.10779
exness,EURUSD,2023-05-04 00:46:46.121Z,1.10774,1.10781
exness,EURUSD,2023-05-04 00:46:47.590Z,1.10775,1.10782
exness,EURUSD,2023-05-04 00:46:51.668Z,1.10778,1.10783
exness,EURUSD,2023-05-04 00:46:53.105Z,1.10778,1.10784
exness,EURUSD,2023-05-04 00:47:02.177Z,1.10777,1.10783
exness,EURUSD,2023-05-04 00:47:08.155Z,1.10779,1.10785
exness,EURUSD,2023-05-04 00:47:08.202Z,1.1078,1.10786
exness,EURUSD,2023-05-04 00:47:14.569Z,1.10779,1.10785
exness,EURUSD,2023-05-04 00:47:16.368Z,1.10778,1.10783
exness,EURUSD,2023-05-04 00:47:17.346Z,1.10776,1.10783
exness,EURUSD,2023-05-04 00:47:19.344Z,1.10775,1.10781
exness,EURUSD,2023-05-04 00:47:19.384Z,1.10773,1.1078
exness,EURUSD,2023-05-04 00:47:20.177Z,1.10775,1.1078
exness,EURUSD,2023-05-04 00:47:21.250Z,1.10775,1.10781
exness,EURUSD,2023-05-04 00:47:23.958Z,1.10777,1.10782
exness,EURUSD,2023-05-04 00:47:41.073Z,1.10778,1.10784
exness,EURUSD,2023-05-04 00:47:41.114Z,1.10779,1.10785
exness,EURUSD,2023-05-04 00:47:41.850Z,1.10781,1.10786
exness,EURUSD,2023-05-04 00:47:51.562Z,1.10782,1.10788
exness,EURUSD,2023-05-04 00:47:51.782Z,1.10784,1.10789
exness,EURUSD,2023-05-04 00:47:58.244Z,1.10784,1.1079
exness,EURUSD,2023-05-04 00:47:59.370Z,1.10786,1.10792
exness,EURUSD,2023-05-04 00:48:08.865Z,1.10787,1.10793
exness,EURUSD,2023-05-04 00:48:09.608Z,1.10789,1.10794
exness,EURUSD,2023-05-04 00:48:13.996Z,1.10787,1.10793
exness,EURUSD,2023-05-04 00:48:14.016Z,1.10785,1.10791
exness,EURUSD,2023-05-04 00:48:25.060Z,1.10787,1.10793
exness,EURUSD,2023-05-04 00:48:30.909Z,1.10787,1.10792
exness,EURUSD,2023-05-04 00:48:31.166Z,1.10787,1.10793
exness,EURUSD,2023-05-04 00:48:32.556Z,1.10788,1.10795
exness,EURUSD,2023-05-04 00:48:35.452Z,1.10788,1.10793
exness,EURUSD,2023-05-04 00:48:36.495Z,1.10787,1.10793
exness,EURUSD,2023-05-04 00:48:37.362Z,1.10785,1.10792
exness,EURUSD,2023-05-04 00:48:37.384Z,1.10784,1.1079
exness,EURUSD,2023-05-04 00:48:38.140Z,1.10783,1.10788
exness,EURUSD,2023-05-04 00:48:45.413Z,1.10782,1.10788
exness,EURUSD,2023-05-04 00:48:54.278Z,1.10782,1.10787
exness,EURUSD,2023-05-04 00:48:54.885Z,1.10782,1.10788
exness,EURUSD,2023-05-04 00:48:56.534Z,1.10783,1.1079
exness,EURUSD,2023-05-04 00:48:56.549Z,1.10785,1.10791
exness,EURUSD,2023-05-04 00:48:57.558Z,1.10784,1.1079
exness,EURUSD,2023-05-04 00:49:12.308Z,1.10786,1.10792
exness,EURUSD,2023-05-04 00:49:12.886Z,1.10787,1.10792
exness,EURUSD,2023-05-04 00:49:15.284Z,1.10785,1.10791
exness,EURUSD,2023-05-04 00:49:15.304Z,1.10783,1.10789
exness,EURUSD,2023-05-04 00:49:15.325Z,1.10781,1.10788
exness,EURUSD,2023-05-04 00:49:19.037Z,1.1078,1.10786
exness,EURUSD,2023-05-04 00:49:19.156Z,1.10778,1.10784
exness,EURUSD,2023-05-04 00:49:19.165Z,1.10776,1.10782
exness,EURUSD,2023-05-04 00:49:19.276Z,1.10775,1.10781
exness,EURUSD,2023-05-04 00:49:21.580Z,1.10773,1.1078
exness,EURUSD,2023-05-04 00:49:22.207Z,1.10775,1.10781
exness,EURUSD,2023-05-04 00:49:22.344Z,1.10776,1.10781
exness,EURUSD,2023-05-04 00:49:25.166Z,1.10774,1.10781
exness,EURUSD,2023-05-04 00:49:25.204Z,1.10773,1.10779
exness,EURUSD,2023-05-04 00:49:28.373Z,1.10773,1.10778
exness,EURUSD,2023-05-04 00:49:29.083Z,1.10773,1.10779
exness,EURUSD,2023-05-04 00:49:29.099Z,1.10775,1.10781
exness,EURUSD,2023-05-04 00:49:30.431Z,1.10776,1.10782
exness,EURUSD,2023-05-04 00:49:39.964Z,1.10778,1.10784
exness,EURUSD,2023-05-04 00:49:40.035Z,1.10779,1.10784
exness,EURUSD,2023-05-04 00:49:40.082Z,1.1078,1.10786
exness,EURUSD,2023-05-04 00:49:40.659Z,1.10781,1.10786
exness,EURUSD,2023-05-04 00:49:45.322Z,1.10782,1.10788
exness,EURUSD,2023-05-04 00:49:45.995Z,1.10784,1.10789
exness,EURUSD,2023-05-04 00:49:48.979Z,1.10785,1.10791
exness,EURUSD,2023-05-04 00:49:49.138Z,1.10786,1.10793
exness,EURUSD,2023-05-04 00:49:49.341Z,1.10788,1.10793
exness,EURUSD,2023-05-04 00:49:51.079Z,1.10789,1.10795
exness,EURUSD,2023-05-04 00:49:51.254Z,1.1079,1.10796
exness,EURUSD,2023-05-04 00:49:52.177Z,1.10792,1.10798
exness,EURUSD,2023-05-04 00:49:52.233Z,1.10794,1.10799
exness,EURUSD,2023-05-04 00:49:54.363Z,1.10791,1.10798
exness,EURUSD,2023-05-04 00:50:00.326Z,1.10789,1.10795
exness,EURUSD,2023-05-04 00:50:00.347Z,1.10787,1.10794
exness,EURUSD,2023-05-04 00:50:00.356Z,1.10786,1.10792
exness,EURUSD,2023-05-04 00:50:02.255Z,1.10787,1.10792
exness,EURUSD,2023-05-04 00:50:05.166Z,1.10786,1.10792
exness,EURUSD,2023-05-04 00:50:05.192Z,1.10784,1.1079
exness,EURUSD,2023-05-04 00:50:05.218Z,1.10782,1.10789
exness,EURUSD,2023-05-04 00:50:05.300Z,1.10782,1.10787
exness,EURUSD,2023-05-04 00:50:07.400Z,1.1078,1.10786
exness,EURUSD,2023-05-04 00:50:45.552Z,1.10781,1.10788
exness,EURUSD,2023-05-04 00:50:50.811Z,1.10781,1.10786
exness,EURUSD,2023-05-04 00:50:54.939Z,1.10782,1.10788
exness,EURUSD,2023-05-04 00:50:55.326Z,1.10783,1.1079
exness,EURUSD,2023-05-04 00:51:00.172Z,1.10782,1.10788
exness,EURUSD,2023-05-04 00:51:08.642Z,1.1078,1.10787
exness,EURUSD,2023-05-04 00:51:14.811Z,1.10782,1.10787
exness,EURUSD,2023-05-04 00:51:14.822Z,1.10782,1.10789
exness,EURUSD,2023-05-04 00:51:14.845Z,1.10784,1.1079
exness,EURUSD,2023-05-04 00:51:15.834Z,1.10785,1.10791
exness,EURUSD,2023-05-04 00:51:18.283Z,1.10788,1.10794
exness,EURUSD,2023-05-04 00:51:18.305Z,1.10789,1.10795
exness,EURUSD,2023-05-04 00:51:18.352Z,1.10791,1.10796
exness,EURUSD,2023-05-04 00:51:19.463Z,1.10792,1.10797
exness,EURUSD,2023-05-04 00:51:20.108Z,1.1079,1.10796
exness,EURUSD,2023-05-04 00:51:25.186Z,1.10788,1.10794
exness,EURUSD,2023-05-04 00:51:25.287Z,1.10786,1.10792
exness,EURUSD,2023-05-04 00:51:25.566Z,1.10785,1.1079
exness,EURUSD,2023-05-04 00:51:30.694Z,1.10784,1.1079
exness,EURUSD,2023-05-04 00:51:30.786Z,1.10782,1.10788
exness,EURUSD,2023-05-04 00:51:40.110Z,1.10781,1.10787
exness,EURUSD,2023-05-04 00:51:59.437Z,1.10783,1.10789
exness,EURUSD,2023-05-04 00:51:59.471Z,1.10785,1.10791
exness,EURUSD,2023-05-04 00:52:00.145Z,1.10786,1.10791
exness,EURUSD,2023-05-04 00:52:00.188Z,1.10787,1.10793
exness,EURUSD,2023-05-04 00:52:00.214Z,1.10788,1.10795
exness,EURUSD,2023-05-04 00:52:00.245Z,1.1079,1.10796
exness,EURUSD,2023-05-04 00:52:00.258Z,1.10791,1.10798
exness,EURUSD,2023-05-04 00:52:00.379Z,1.10793,1.10799
exness,EURUSD,2023-05-04 00:52:03.436Z,1.10791,1.10797
exness,EURUSD,2023-05-04 00:52:03.446Z,1.10789,1.10795
exness,EURUSD,2023-05-04 00:52:08.284Z,1.10787,1.10794
exness,EURUSD,2023-05-04 00:52:11.373Z,1.10786,1.10793
exness,EURUSD,2023-05-04 00:52:16.551Z,1.10788,1.10794
exness,EURUSD,2023-05-04 00:52:16.582Z,1.1079,1.10796
exness,EURUSD,2023-05-04 00:52:20.578Z,1.10791,1.10797
exness,EURUSD,2023-05-04 00:52:20.616Z,1.10789,1.10795
exness,EURUSD,2023-05-04 00:52:36.101Z,1.1079,1.10795
exness,EURUSD,2023-05-04 00:52:38.675Z,1.10792,1.10798
exness,EURUSD,2023-05-04 00:52:38.690Z,1.10793,1.108
exness,EURUSD,2023-05-04 00:52:38.785Z,1.10795,1.10801
exness,EURUSD,2023-05-04 00:52:50.784Z,1.10796,1.10803
exness,EURUSD,2023-05-04 00:52:50.862Z,1.10798,1.10804
exness,EURUSD,2023-05-04 00:52:53.381Z,1.10799,1.10805
exness,EURUSD,2023-05-04 00:52:53.600Z,1.10801,1.10806
exness,EURUSD,2023-05-04 00:52:56.022Z,1.10801,1.10807
exness,EURUSD,2023-05-04 00:53:00.599Z,1.108,1.10806
exness,EURUSD,2023-05-04 00:53:06.105Z,1.10802,1.10808
exness,EURUSD,2023-05-04 00:53:11.737Z,1.108,1.10806
exness,EURUSD,2023-05-04 00:53:11.776Z,1.10798,1.10805
exness,EURUSD,2023-05-04 00:53:11.827Z,1.10797,1.10803
exness,EURUSD,2023-05-04 00:53:13.190Z,1.10795,1.10802
exness,EURUSD,2023-05-04 00:53:24.086Z,1.10796,1.10803
exness,EURUSD,2023-05-04 00:53:45.387Z,1.10795,1.10801
exness,EURUSD,2023-05-04 00:53:53.896Z,1.10793,1.108
exness,EURUSD,2023-05-04 00:54:00.790Z,1.10795,1.10801
exness,EURUSD,2023-05-04 00:54:04.516Z,1.10795,1.108
exness,EURUSD,2023-05-04 00:54:12.952Z,1.10795,1.10802
exness,EURUSD,2023-05-04 00:54:18.570Z,1.10797,1.10803
exness,EURUSD,2023-05-04 00:54:18.747Z,1.10799,1.10805
exness,EURUSD,2023-05-04 00:54:19.942Z,1.108,1.10807
exness,EURUSD,2023-05-04 00:54:21.122Z,1.10802,1.10807
exness,EURUSD,2023-05-04 00:54:27.802Z,1.10799,1.10805
exness,EURUSD,2023-05-04 00:54:27.826Z,1.10797,1.10804
exness,EURUSD,2023-05-04 00:54:28.540Z,1.10797,1.10802
exness,EURUSD,2023-05-04 00:54:29.741Z,1.10796,1.10802
exness,EURUSD,2023-05-04 00:54:29.757Z,1.10794,1.108
exness,EURUSD,2023-05-04 00:54:29.786Z,1.10792,1.10799
exness,EURUSD,2023-05-04 00:54:33.608Z,1.10792,1.10797
exness,EURUSD,2023-05-04 00:54:37.265Z,1.1079,1.10797
exness,EURUSD,2023-05-04 00:54:39.961Z,1.10789,1.10795
exness,EURUSD,2023-05-04 00:54:45.944Z,1.10788,1.10794
exness,EURUSD,2023-05-04 00:55:00.450Z,1.10789,1.10796
exness,EURUSD,2023-05-04 00:55:03.759Z,1.10788,1.10795
exness,EURUSD,2023-05-04 00:55:05.157Z,1.10787,1.10793
exness,EURUSD,2023-05-04 00:55:05.958Z,1.10785,1.10791
exness,EURUSD,2023-05-04 00:55:05.967Z,1.10783,1.1079
exness,EURUSD,2023-05-04 00:55:05.986Z,1.10782,1.10788
exness,EURUSD,2023-05-04 00:55:06.005Z,1.1078,1.10787
exness,EURUSD,2023-05-04 00:55:07.317Z,1.10782,1.10787
exness,EURUSD,2023-05-04 00:55:09.448Z,1.1078,1.10786
exness,EURUSD,2023-05-04 00:55:10.464Z,1.10779,1.10785
exness,EURUSD,2023-05-04 00:55:12.759Z,1.1078,1.10787
exness,EURUSD,2023-05-04 00:55:18.197Z,1.10779,1.10785
exness,EURUSD,2023-05-04 00:55:18.447Z,1.10781,1.10787
exness,EURUSD,2023-05-04 00:55:18.471Z,1.10782,1.10789
exness,EURUSD,2023-05-04 00:55:18.555Z,1.10784,1.1079
exness,EURUSD,2023-05-04 00:55:21.845Z,1.10785,1.10792
exness,EURUSD,2023-05-04 00:55:25.722Z,1.10783,1.10789
exness,EURUSD,2023-05-04 00:55:27.939Z,1.10782,1.10788
exness,EURUSD,2023-05-04 00:55:38.407Z,1.10784,1.10789
exness,EURUSD,2023-05-04 00:55:45.309Z,1.10784,1.1079
exness,EURUSD,2023-05-04 00:55:45.333Z,1.10786,1.10792
exness,EURUSD,2023-05-04 00:55:45.350Z,1.10787,1.10794
exness,EURUSD,2023-05-04 00:55:45.384Z,1.10789,1.10795
exness,EURUSD,2023-05-04 00:55:47.261Z,1.1079,1.10797
exness,EURUSD,2023-05-04 00:55:56.743Z,1.10792,1.10798
exness,EURUSD,2023-05-04 00:55:58.718Z,1.1079,1.10796
exness,EURUSD,2023-05-04 00:55:58.792Z,1.10788,1.10795
exness,EURUSD,2023-05-04 00:56:00.717Z,1.10787,1.10793
exness,EURUSD,2023-05-04 00:56:32.514Z,1.10788,1.10794
exness,EURUSD,2023-05-04 00:56:35.595Z,1.10787,1.10793
exness,EURUSD,2023-05-04 00:56:58.943Z,1.10787,1.10792
exness,EURUSD,2023-05-04 00:57:04.598Z,1.10785,1.10791
exness,EURUSD,2023-05-04 00:57:04.607Z,1.10783,1.10789
exness,EURUSD,2023-05-04 00:57:05.563Z,1.10781,1.10788
exness,EURUSD,2023-05-04 00:57:05.570Z,1.1078,1.10786
exness,EURUSD,2023-05-04 00:57:05.610Z,1.10777,1.10784
exness,EURUSD,2023-05-04 00:57:05.634Z,1.10776,1.10782
exness,EURUSD,2023-05-04 00:57:08.785Z,1.10777,1.10783
exness,EURUSD,2023-05-04 00:57:14.962Z,1.10775,1.10782
exness,EURUSD,2023-05-04 00:57:14.977Z,1.10774,1.1078
exness,EURUSD,2023-05-04 00:57:14.994Z,1.10772,1.10778
exness,EURUSD,2023-05-04 00:57:15.013Z,1.10771,1.10777
exness,EURUSD,2023-05-04 00:57:15.021Z,1.10767,1.10773
exness,EURUSD,2023-05-04 00:57:15.026Z,1.10765,1.10771
exness,EURUSD,2023-05-04 00:57:21.035Z,1.10766,1.10773
exness,EURUSD,2023-05-04 00:57:23.098Z,1.10765,1.10771
exness,EURUSD,2023-05-04 00:57:23.118Z,1.10763,1.10769
exness,EURUSD,2023-05-04 00:57:23.124Z,1.10761,1.10767
exness,EURUSD,2023-05-04 00:57:23.146Z,1.10759,1.10766
exness,EURUSD,2023-05-04 00:57:23.179Z,1.10759,1.10764
exness,EURUSD,2023-05-04 00:57:23.246Z,1.10757,1.10763
exness,EURUSD,2023-05-04 00:57:24.249Z,1.10758,1.10764
exness,EURUSD,2023-05-04 00:57:27.632Z,1.10755,1.10762
exness,EURUSD,2023-05-04 00:57:42.343Z,1.10754,1.1076
exness,EURUSD,2023-05-04 00:57:43.538Z,1.10753,1.10759
exness,EURUSD,2023-05-04 00:57:45.362Z,1.10754,1.1076
exness,EURUSD,2023-05-04 00:57:45.956Z,1.10755,1.10762
exness,EURUSD,2023-05-04 00:57:47.166Z,1.10754,1.10761
exness,EURUSD,2023-05-04 00:57:47.169Z,1.10753,1.10759
exness,EURUSD,2023-05-04 00:57:47.180Z,1.10751,1.10757
exness,EURUSD,2023-05-04 00:57:47.210Z,1.10749,1.10756
exness,EURUSD,2023-05-04 00:57:47.215Z,1.10748,1.10754
exness,EURUSD,2023-05-04 00:57:47.242Z,1.10746,1.10753
exness,EURUSD,2023-05-04 00:57:47.248Z,1.10744,1.1075
exness,EURUSD,2023-05-04 00:57:47.691Z,1.10745,1.10752
exness,EURUSD,2023-05-04 00:57:47.712Z,1.10747,1.10753
exness,EURUSD,2023-05-04 00:57:47.825Z,1.10749,1.10755
exness,EURUSD,2023-05-04 00:58:01.720Z,1.1075,1.10756
exness,EURUSD,2023-05-04 00:58:02.723Z,1.10751,1.10758
exness,EURUSD,2023-05-04 00:58:06.504Z,1.10753,1.10758
exness,EURUSD,2023-05-04 00:58:06.513Z,1.10753,1.10759
exness,EURUSD,2023-05-04 00:58:06.523Z,1.10755,1.10761
exness,EURUSD,2023-05-04 00:58:06.537Z,1.10756,1.10763
exness,EURUSD,2023-05-04 00:58:06.590Z,1.10756,1.10761
exness,EURUSD,2023-05-04 00:58:06.600Z,1.10755,1.10761
exness,EURUSD,2023-05-04 00:58:12.072Z,1.10756,1.10762
exness,EURUSD,2023-05-04 00:58:43.416Z,1.10755,1.10761
exness,EURUSD,2023-05-04 00:58:46.760Z,1.10756,1.10762
exness,EURUSD,2023-05-04 00:58:47.628Z,1.10758,1.10764
exness,EURUSD,2023-05-04 00:58:47.679Z,1.10759,1.10765
exness,EURUSD,2023-05-04 00:58:50.291Z,1.10758,1.10764
exness,EURUSD,2023-05-04 00:58:52.392Z,1.10757,1.10763
exness,EURUSD,2023-05-04 00:59:02.951Z,1.10758,1.10764
exness,EURUSD,2023-05-04 00:59:03.079Z,1.1076,1.10766
exness,EURUSD,2023-05-04 00:59:05.032Z,1.10762,1.10768
exness,EURUSD,2023-05-04 00:59:05.787Z,1.10763,1.10769
exness,EURUSD,2023-05-04 00:59:12.322Z,1.10764,1.10769
exness,EURUSD,2023-05-04 00:59:16.376Z,1.10763,1.10769
exness,EURUSD,2023-05-04 00:59:22.533Z,1.1076,1.10767
exness,EURUSD,2023-05-04 00:59:22.577Z,1.10759,1.10765
exness,EURUSD,2023-05-04 00:59:22.622Z,1.10757,1.10764
exness,EURUSD,2023-05-04 00:59:23.724Z,1.10759,1.10765
exness,EURUSD,2023-05-04 00:59:25.945Z,1.1076,1.10767
exness,EURUSD,2023-05-04 00:59:28.285Z,1.10761,1.10768
exness,EURUSD,2023-05-04 00:59:49.824Z,1.10759,1.10765
exness,EURUSD,2023-05-04 00:59:49.850Z,1.10758,1.10764
exness,EURUSD,2023-05-04 00:59:51.787Z,1.10756,1.10762
exness,EURUSD,2023-05-04 00:59:52.431Z,1.10755,1.1076
exness,EURUSD,2023-05-04 00:59:54.437Z,1.10756,1.10762
exness,EURUSD,2023-05-04 01:00:01.557Z,1.10758,1.10764
exness,EURUSD,2023-05-04 01:00:02.212Z,1.1076,1.10766
exness,EURUSD,2023-05-04 01:00:02.586Z,1.10758,1.10764
exness,EURUSD,2023-05-04 01:00:03.245Z,1.10757,1.10762
exness,EURUSD,2023-05-04 01:00:05.373Z,1.10755,1.10761
exness,EURUSD,2023-05-04 01:00:05.443Z,1.10753,1.1076
exness,EURUSD,2023-05-04 01:00:05.883Z,1.10752,1.10758
exness,EURUSD,2023-05-04 01:00:06.480Z,1.1075,1.10756
exness,EURUSD,2023-05-04 01:00:06.504Z,1.1075,1.10755
exness,EURUSD,2023-05-04 01:00:06.520Z,1.10748,1.10754
exness,EURUSD,2023-05-04 01:00:06.573Z,1.10748,1.10753
exness,EURUSD,2023-05-04 01:00:06.705Z,1.10746,1.10752
exness,EURUSD,2023-05-04 01:00:06.725Z,1.10745,1.10751
exness,EURUSD,2023-05-04 01:00:06.813Z,1.10744,1.10749
exness,EURUSD,2023-05-04 01:00:07.174Z,1.10742,1.10749
exness,EURUSD,2023-05-04 01:00:07.626Z,1.10742,1.10747
exness,EURUSD,2023-05-04 01:00:08.066Z,1.1074,1.10747
exness,EURUSD,2023-05-04 01:00:10.503Z,1.10739,1.10745
exness,EURUSD,2023-05-04 01:00:11.675Z,1.1074,1.10747
exness,EURUSD,2023-05-04 01:00:13.053Z,1.10742,1.10747
exness,EURUSD,2023-05-04 01:00:16.187Z,1.1074,1.10745
exness,EURUSD,2023-05-04 01:00:17.264Z,1.10739,1.10745
exness,EURUSD,2023-05-04 01:00:17.291Z,1.10737,1.10743
exness,EURUSD,2023-05-04 01:00:17.396Z,1.10736,1.10741
exness,EURUSD,2023-05-04 01:00:17.648Z,1.10735,1.10741
exness,EURUSD,2023-05-04 01:00:18.026Z,1.10735,1.1074
exness,EURUSD,2023-05-04 01:00:22.324Z,1.10734,1.10741
exness,EURUSD,2023-05-04 01:00:22.643Z,1.10736,1.10742
exness,EURUSD,2023-05-04 01:00:22.655Z,1.10738,1.10744
exness,EURUSD,2023-05-04 01:00:22.686Z,1.10739,1.10745
exness,EURUSD,2023-05-04 01:00:22.780Z,1.10741,1.10747
exness,EURUSD,2023-05-04 01:00:22.804Z,1.10742,1.10749
exness,EURUSD,2023-05-04 01:00:22.842Z,1.10744,1.1075
exness,EURUSD,2023-05-04 01:00:22.872Z,1.10745,1.10752
exness,EURUSD,2023-05-04 01:00:24.923Z,1.10747,1.10753
exness,EURUSD,2023-05-04 01:00:25.932Z,1.10748,1.10754
exness,EURUSD,2023-05-04 01:00:28.036Z,1.10747,1.10753
exness,EURUSD,2023-05-04 01:00:34.852Z,1.10745,1.10751
exness,EURUSD,2023-05-04 01:00:34.861Z,1.10744,1.1075
exness,EURUSD,2023-05-04 01:00:34.869Z,1.10742,1.10748
exness,EURUSD,2023-05-04 01:00:34.928Z,1.10741,1.10747
exness,EURUSD,2023-05-04 01:00:34.949Z,1.1074,1.10745
exness,EURUSD,2023-05-04 01:00:35.902Z,1.10738,1.10744
exness,EURUSD,2023-05-04 01:00:36.341Z,1.1074,1.10746
exness,EURUSD,2023-05-04 01:00:36.627Z,1.10738,1.10744
exness,EURUSD,2023-05-04 01:00:39.757Z,1.1074,1.10745
exness,EURUSD,2023-05-04 01:00:40.741Z,1.1074,1.10747
exness,EURUSD,2023-05-04 01:00:43.919Z,1.10739,1.10745
exness,EURUSD,2023-05-04 01:00:43.980Z,1.10737,1.10744
exness,EURUSD,2023-05-04 01:00:44.826Z,1.10739,1.10745
exness,EURUSD,2023-05-04 01:00:45.004Z,1.1074,1.10747
exness,EURUSD,2023-05-04 01:00:49.388Z,1.10742,1.10749
exness,EURUSD,2023-05-04 01:00:49.672Z,1.10744,1.1075
exness,EURUSD,2023-05-04 01:00:51.845Z,1.10743,1.10748
exness,EURUSD,2023-05-04 01:00:57.595Z,1.10741,1.10748
exness,EURUSD,2023-05-04 01:00:59.432Z,1.1074,1.10747
exness,EURUSD,2023-05-04 01:00:59.443Z,1.10739,1.10745
exness,EURUSD,2023-05-04 01:00:59.495Z,1.10737,1.10743
exness,EURUSD,2023-05-04 01:00:59.861Z,1.10737,1.10742
exness,EURUSD,2023-05-04 01:01:00.030Z,1.10735,1.10741
exness,EURUSD,2023-05-04 01:01:00.941Z,1.10733,1.1074
exness,EURUSD,2023-05-04 01:01:01.667Z,1.10732,1.10738
exness,EURUSD,2023-05-04 01:01:02.070Z,1.10732,1.10737
exness,EURUSD,2023-05-04 01:01:08.944Z,1.10729,1.10736
exness,EURUSD,2023-05-04 01:01:08.964Z,1.10728,1.10734
exness,EURUSD,2023-05-04 01:01:08.975Z,1.10726,1.10732
exness,EURUSD,2023-05-04 01:01:12.132Z,1.10725,1.10731
exness,EURUSD,2023-05-04 01:01:12.141Z,1.10723,1.10729
exness,EURUSD,2023-05-04 01:01:12.881Z,1.10725,1.10731
exness,EURUSD,2023-05-04 01:01:13.876Z,1.10727,1.10732
exness,EURUSD,2023-05-04 01:01:15.273Z,1.10727,1.10733
exness,EURUSD,2023-05-04 01:01:15.285Z,1.10729,1.10735
exness,EURUSD,2023-05-04 01:01:15.294Z,1.1073,1.10737
exness,EURUSD,2023-05-04 01:01:15.318Z,1.10733,1.10739
exness,EURUSD,2023-05-04 01:01:15.356Z,1.10735,1.10741
exness,EURUSD,2023-05-04 01:01:15.469Z,1.10736,1.10741
exness,EURUSD,2023-05-04 01:01:17.547Z,1.10736,1.10742
exness,EURUSD,2023-05-04 01:01:19.210Z,1.10737,1.10744
exness,EURUSD,2023-05-04 01:01:19.248Z,1.10739,1.10746
exness,EURUSD,2023-05-04 01:01:19.384Z,1.10738,1.10744
exness,EURUSD,2023-05-04 01:01:19.391Z,1.10736,1.10743
exness,EURUSD,2023-05-04 01:01:19.411Z,1.10735,1.10741
exness,EURUSD,2023-05-04 01:01:19.439Z,1.10733,1.10739
exness,EURUSD,2023-05-04 01:01:20.261Z,1.10735,1.10741
exness,EURUSD,2023-05-04 01:01:23.637Z,1.10736,1.10742
exness,EURUSD,2023-05-04 01:01:25.678Z,1.10734,1.10741
exness,EURUSD,2023-05-04 01:01:25.734Z,1.10733,1.10739
exness,EURUSD,2023-05-04 01:01:32.467Z,1.10731,1.10737
exness,EURUSD,2023-05-04 01:01:34.555Z,1.1073,1.10736
exness,EURUSD,2023-05-04 01:01:34.580Z,1.10728,1.10734
exness,EURUSD,2023-05-04 01:01:34.640Z,1.10726,1.10733
exness,EURUSD,2023-05-04 01:01:35.661Z,1.10728,1.10734
exness,EURUSD,2023-05-04 01:01:35.691Z,1.10729,1.10736
exness,EURUSD,2023-05-04 01:01:36.143Z,1.10731,1.10736
exness,EURUSD,2023-05-04 01:01:37.157Z,1.10729,1.10736
exness,EURUSD,2023-05-04 01:01:38.088Z,1.10731,1.10737
exness,EURUSD,2023-05-04 01:01:46.071Z,1.10729,1.10736
exness,EURUSD,2023-05-04 01:01:46.638Z,1.10731,1.10736
exness,EURUSD,2023-05-04 01:01:50.060Z,1.1073,1.10736
exness,EURUSD,2023-05-04 01:01:50.097Z,1.10728,1.10734
exness,EURUSD,2023-05-04 01:01:50.110Z,1.10726,1.10732
exness,EURUSD,2023-05-04 01:01:50.154Z,1.10725,1.10731
exness,EURUSD,2023-05-04 01:01:50.175Z,1.10723,1.10729
exness,EURUSD,2023-05-04 01:01:51.479Z,1.10725,1.10731
exness,EURUSD,2023-05-04 01:01:52.044Z,1.10726,1.10731
exness,EURUSD,2023-05-04 01:01:52.072Z,1.10727,1.10733
exness,EURUSD,2023-05-04 01:01:54.143Z,1.10729,1.10735
exness,EURUSD,2023-05-04 01:01:56.659Z,1.1073,1.10737
exness,EURUSD,2023-05-04 01:01:57.700Z,1.10729,1.10735
exness,EURUSD,2023-05-04 01:01:58.708Z,1.1073,1.10735
exness,EURUSD,2023-05-04 01:01:58.737Z,1.10731,1.10737
exness,EURUSD,2023-05-04 01:01:58.952Z,1.10733,1.10738
exness,EURUSD,2023-05-04 01:02:01.195Z,1.10731,1.10738
exness,EURUSD,2023-05-04 01:02:05.642Z,1.1073,1.10737
exness,EURUSD,2023-05-04 01:02:05.677Z,1.10729,1.10735
exness,EURUSD,2023-05-04 01:02:05.702Z,1.10727,1.10733
exness,EURUSD,2023-05-04 01:02:07.287Z,1.10728,1.10734
exness,EURUSD,2023-05-04 01:02:07.303Z,1.1073,1.10736
exness,EURUSD,2023-05-04 01:02:07.570Z,1.10731,1.10736
exness,EURUSD,2023-05-04 01:02:12.925Z,1.10732,1.10739
exness,EURUSD,2023-05-04 01:02:15.693Z,1.10734,1.10741
exness,EURUSD,2023-05-04 01:02:20.131Z,1.10736,1.10741
exness,EURUSD,2023-05-04 01:02:22.929Z,1.10737,1.10743
exness,EURUSD,2023-05-04 01:02:22.998Z,1.10738,1.10745
exness,EURUSD,2023-05-04 01:02:24.483Z,1.1074,1.10746
exness,EURUSD,2023-05-04 01:02:25.706Z,1.10741,1.10746
exness,EURUSD,2023-05-04 01:02:26.085Z,1.10739,1.10746
exness,EURUSD,2023-05-04 01:02:26.137Z,1.10738,1.10744
exness,EURUSD,2023-05-04 01:02:27.076Z,1.10738,1.10743
exness,EURUSD,2023-05-04 01:02:30.481Z,1.10738,1.10745
exness,EURUSD,2023-05-04 01:02:30.574Z,1.1074,1.10745
exness,EURUSD,2023-05-04 01:02:30.911Z,1.10741,1.10747
exness,EURUSD,2023-05-04 01:02:32.018Z,1.1074,1.10746
exness,EURUSD,2023-05-04 01:02:33.537Z,1.10738,1.10744
exness,EURUSD,2023-05-04 01:02:33.998Z,1.10738,1.10743
exness,EURUSD,2023-05-04 01:02:36.918Z,1.10739,1.10745
exness,EURUSD,2023-05-04 01:02:39.393Z,1.10738,1.10743
exness,EURUSD,2023-05-04 01:02:41.078Z,1.1074,1.10746
exness,EURUSD,2023-05-04 01:02:41.166Z,1.10741,1.10746
exness,EURUSD,2023-05-04 01:02:44.620Z,1.1074,1.10746
exness,EURUSD,2023-05-04 01:02:45.584Z,1.10741,1.10746
exness,EURUSD,2023-05-04 01:02:46.345Z,1.1074,1.10746
exness,EURUSD,2023-05-04 01:02:46.901Z,1.10741,1.10746
exness,EURUSD,2023-05-04 01:02:52.916Z,1.10742,1.10749
exness,EURUSD,2023-05-04 01:03:00.590Z,1.10741,1.10747
exness,EURUSD,2023-05-04 01:03:01.681Z,1.1074,1.10746
exness,EURUSD,2023-05-04 01:03:03.183Z,1.10739,1.10745
exness,EURUSD,2023-05-04 01:03:03.206Z,1.10737,1.10743
exness,EURUSD,2023-05-04 01:03:05.785Z,1.10739,1.10745
exness,EURUSD,2023-05-04 01:03:08.894Z,1.10737,1.10744
exness,EURUSD,2023-05-04 01:03:09.096Z,1.10739,1.10744
exness,EURUSD,2023-05-04 01:03:09.288Z,1.10739,1.10746
exness,EURUSD,2023-05-04 01:03:09.633Z,1.10741,1.10747
exness,EURUSD,2023-05-04 01:03:10.091Z,1.10742,1.10747
exness,EURUSD,2023-05-04 01:03:23.543Z,1.10742,1.10749
exness,EURUSD,2023-05-04 01:03:26.529Z,1.10742,1.10747
exness,EURUSD,2023-05-04 01:03:34.690Z,1.10741,1.10747
exness,EURUSD,2023-05-04 01:03:36.699Z,1.10743,1.10749
exness,EURUSD,2023-05-04 01:03:36.711Z,1.10744,1.10751
exness,EURUSD,2023-05-04 01:03:36.777Z,1.10746,1.10752
exness,EURUSD,2023-05-04 01:03:37.901Z,1.10747,1.10752
exness,EURUSD,2023-05-04 01:03:41.113Z,1.10745,1.10751
exness,EURUSD,2023-05-04 01:03:41.384Z,1.10746,1.10753
exness,EURUSD,2023-05-04 01:03:42.460Z,1.10748,1.10753
exness,EURUSD,2023-05-04 01:03:49.529Z,1.10745,1.10751
exness,EURUSD,2023-05-04 01:03:51.261Z,1.10744,1.10749
exness,EURUSD,2023-05-04 01:03:53.427Z,1.10745,1.10751
exness,EURUSD,2023-05-04 01:03:53.452Z,1.10746,1.10753
exness,EURUSD,2023-05-04 01:03:54.401Z,1.10746,1.10751
exness,EURUSD,2023-05-04 01:03:54.412Z,1.10744,1.1075
exness,EURUSD,2023-05-04 01:03:54.449Z,1.10742,1.10749
exness,EURUSD,2023-05-04 01:03:55.069Z,1.10742,1.10747
exness,EURUSD,2023-05-04 01:04:00.234Z,1.10742,1.10748
exness,EURUSD,2023-05-04 01:04:00.354Z,1.10744,1.1075
exness,EURUSD,2023-05-04 01:04:02.710Z,1.10743,1.10748
exness,EURUSD,2023-05-04 01:04:10.924Z,1.10744,1.1075
exness,EURUSD,2023-05-04 01:04:10.985Z,1.10745,1.10752
exness,EURUSD,2023-05-04 01:04:11.145Z,1.10747,1.10753
exness,EURUSD,2023-05-04 01:04:11.152Z,1.10748,1.10755
exness,EURUSD,2023-05-04 01:04:13.476Z,1.1075,1.10756
exness,EURUSD,2023-05-04 01:04:24.285Z,1.10747,1.10754
exness,EURUSD,2023-05-04 01:04:32.213Z,1.10745,1.10751
exness,EURUSD,2023-05-04 01:04:32.222Z,1.10743,1.1075
exness,EURUSD,2023-05-04 01:04:32.288Z,1.10742,1.10748
exness,EURUSD,2023-05-04 01:04:33.050Z,1.10742,1.10747
exness,EURUSD,2023-05-04 01:04:33.134Z,1.1074,1.10746
exness,EURUSD,2023-05-04 01:04:44.480Z,1.10741,1.10748
exness,EURUSD,2023-05-04 01:04:44.573Z,1.10743,1.10749
exness,EURUSD,2023-05-04 01:04:44.582Z,1.10745,1.10751
exness,EURUSD,2023-05-04 01:04:45.241Z,1.10746,1.10751
exness,EURUSD,2023-05-04 01:04:46.076Z,1.10747,1.10753
exness,EURUSD,2023-05-04 01:04:48.557Z,1.10746,1.10752
exness,EURUSD,2023-05-04 01:05:15.984Z,1.10748,1.10754
exness,EURUSD,2023-05-04 01:05:16.052Z,1.10747,1.10752
exness,EURUSD,2023-05-04 01:05:17.060Z,1.10745,1.10751
exness,EURUSD,2023-05-04 01:05:17.215Z,1.10744,1.1075
exness,EURUSD,2023-05-04 01:05:17.293Z,1.10743,1.10748
exness,EURUSD,2023-05-04 01:05:22.365Z,1.10742,1.10748
exness,EURUSD,2023-05-04 01:05:27.550Z,1.1074,1.10746
exness,EURUSD,2023-05-04 01:05:27.580Z,1.10738,1.10744
exness,EURUSD,2023-05-04 01:05:27.592Z,1.10736,1.10742
exness,EURUSD,2023-05-04 01:05:34.703Z,1.10735,1.10741
exness,EURUSD,2023-05-04 01:05:36.446Z,1.10734,1.1074
exness,EURUSD,2023-05-04 01:05:36.957Z,1.10736,1.10741
exness,EURUSD,2023-05-04 01:05:38.031Z,1.10736,1.10742
exness,EURUSD,2023-05-04 01:05:43.558Z,1.10735,1.10741
exness,EURUSD,2023-05-04 01:05:43.949Z,1.10734,1.10739
exness,EURUSD,2023-05-04 01:05:44.014Z,1.10734,1.10741
exness,EURUSD,2023-05-04 01:05:46.225Z,1.10736,1.10742
exness,EURUSD,2023-05-04 01:05:51.294Z,1.10737,1.10743
exness,EURUSD,2023-05-04 01:05:55.335Z,1.10738,1.10745
exness,EURUSD,2023-05-04 01:05:56.637Z,1.10739,1.10746
exness,EURUSD,2023-05-04 01:05:56.676Z,1.10741,1.10746
exness,EURUSD,2023-05-04 01:05:59.683Z,1.10742,1.10748
exness,EURUSD,2023-05-04 01:06:15.230Z,1.1074,1.10747
exness,EURUSD,2023-05-04 01:06:15.579Z,1.10739,1.10745
exness,EURUSD,2023-05-04 01:06:16.048Z,1.10737,1.10744
exness,EURUSD,2023-05-04 01:06:21.262Z,1.10735,1.10741
exness,EURUSD,2023-05-04 01:06:21.289Z,1.10734,1.1074
exness,EURUSD,2023-05-04 01:06:21.301Z,1.10732,1.10738
exness,EURUSD,2023-05-04 01:06:21.532Z,1.10732,1.10737
exness,EURUSD,2023-05-04 01:06:27.100Z,1.10729,1.10735
exness,EURUSD,2023-05-04 01:06:28.216Z,1.1073,1.10735
exness,EURUSD,2023-05-04 01:06:29.231Z,1.1073,1.10737
exness,EURUSD,2023-05-04 01:06:32.430Z,1.10732,1.10738
exness,EURUSD,2023-05-04 01:06:34.515Z,1.1073,1.10737
exness,EURUSD,2023-05-04 01:06:39.049Z,1.10733,1.10739
exness,EURUSD,2023-05-04 01:06:39.082Z,1.10734,1.10741
exness,EURUSD,2023-05-04 01:06:39.125Z,1.10736,1.10742
exness,EURUSD,2023-05-04 01:06:41.145Z,1.10738,1.10743
exness,EURUSD,2023-05-04 01:06:43.453Z,1.10736,1.10742
exness,EURUSD,2023-05-04 01:06:48.934Z,1.10737,1.10742
exness,EURUSD,2023-05-04 01:06:51.130Z,1.10737,1.10743
exness,EURUSD,2023-05-04 01:06:51.452Z,1.10739,1.10745
exness,EURUSD,2023-05-04 01:06:51.509Z,1.1074,1.10746
exness,EURUSD,2023-05-04 01:06:52.717Z,1.10743,1.10748
exness,EURUSD,2023-05-04 01:07:00.132Z,1.10743,1.10749
exness,EURUSD,2023-05-04 01:07:00.186Z,1.10744,1.1075
exness,EURUSD,2023-05-04 01:07:01.229Z,1.10743,1.10749
exness,EURUSD,2023-05-04 01:07:02.151Z,1.10743,1.10748
exness,EURUSD,2023-05-04 01:07:05.626Z,1.10742,1.10748
exness,EURUSD,2023-05-04 01:07:09.364Z,1.10743,1.10749
exness,EURUSD,2023-05-04 01:07:13.449Z,1.10745,1.10751
exness,EURUSD,2023-05-04 01:07:15.776Z,1.10742,1.10749
exness,EURUSD,2023-05-04 01:07:15.818Z,1.10741,1.10747
exness,EURUSD,2023-05-04 01:07:15.895Z,1.10739,1.10746
exness,EURUSD,2023-05-04 01:07:16.189Z,1.10738,1.10744
exness,EURUSD,2023-05-04 01:07:19.817Z,1.10737,1.10743
exness,EURUSD,2023-05-04 01:07:37.587Z,1.10738,1.10744
exness,EURUSD,2023-05-04 01:07:39.018Z,1.1074,1.10746
exness,EURUSD,2023-05-04 01:08:01.425Z,1.10741,1.10746
exness,EURUSD,2023-05-04 01:08:02.274Z,1.10741,1.10747
exness,EURUSD,2023-05-04 01:08:11.991Z,1.10742,1.10749
exness,EURUSD,2023-05-04 01:08:14.487Z,1.10742,1.10747
exness,EURUSD,2023-05-04 01:08:16.559Z,1.10741,1.10747
exness,EURUSD,2023-05-04 01:08:16.701Z,1.10739,1.10745
exness,EURUSD,2023-05-04 01:08:16.842Z,1.10737,1.10744
exness,EURUSD,2023-05-04 01:08:19.539Z,1.10735,1.10741
exness,EURUSD,2023-05-04 01:08:19.582Z,1.10733,1.1074
exness,EURUSD,2023-05-04 01:08:19.614Z,1.10735,1.10741
exness,EURUSD,2023-05-04 01:08:19.985Z,1.10736,1.10741
exness,EURUSD,2023-05-04 01:08:20.034Z,1.10735,1.10741
exness,EURUSD,2023-05-04 01:08:20.976Z,1.10733,1.1074
