"Exness","Symbol","Timestamp","Bid","Ask"
"exness","EURUSD","2023-06-12 00:00:00.158Z",1.0749900000000001,1.07504
"exness","EURUSD","2023-06-12 00:00:00.368Z",1.0749900000000001,1.07506
"exness","EURUSD","2023-06-12 00:00:01.171Z",1.0749900000000001,1.07504
"exness","EURUSD","2023-06-12 00:00:01.200Z",1.07498,1.07504
"exness","EURUSD","2023-06-12 00:00:02.161Z",1.07496,1.07502
"exness","EURUSD","2023-06-12 00:00:03.764Z",1.07494,1.075
"exness","EURUSD","2023-06-12 00:00:04.066Z",1.07493,1.07498
"exness","EURUSD","2023-06-12 00:00:04.154Z",1.07492,1.07497
"exness","EURUSD","2023-06-12 00:00:05.159Z",1.0749,1.07497
"exness","EURUSD","2023-06-12 00:00:06.729Z",1.07492,1.07498
"exness","EURUSD","2023-06-12 00:00:23.651Z",1.07492,1.07497
"exness","EURUSD","2023-06-12 00:00:30.213Z",1.0749,1.07496
"exness","EURUSD","2023-06-12 00:00:30.976Z",1.07488,1.07494
"exness","EURUSD","2023-06-12 00:00:32.023Z",1.07486,1.07492
"exness","EURUSD","2023-06-12 00:00:32.042Z",1.07484,1.07491
"exness","EURUSD","2023-06-12 00:00:32.558Z",1.07483,1.07489
"exness","EURUSD","2023-06-12 00:00:39.872Z",1.07483,1.07488
"exness","EURUSD","2023-06-12 00:00:50.819Z",1.07481,1.07487
"exness","EURUSD","2023-06-12 00:00:50.830Z",1.07479,1.07486
"exness","EURUSD","2023-06-12 00:00:50.871Z",1.07478,1.07484
"exness","EURUSD","2023-06-12 00:00:50.890Z",1.07477,1.0748199999999999
"exness","EURUSD","2023-06-12 00:00:50.950Z",1.07476,1.0748199999999999
"exness","EURUSD","2023-06-12 00:00:50.983Z",1.07475,1.0748
"exness","EURUSD","2023-06-12 00:00:51.012Z",1.07474,1.0748
"exness","EURUSD","2023-06-12 00:00:51.031Z",1.07472,1.07478
"exness","EURUSD","2023-06-12 00:00:51.038Z",1.0747,1.07476
"exness","EURUSD","2023-06-12 00:00:51.061Z",1.07468,1.07475
"exness","EURUSD","2023-06-12 00:00:51.069Z",1.07466,1.07473
"exness","EURUSD","2023-06-12 00:00:51.079Z",1.07465,1.07471
"exness","EURUSD","2023-06-12 00:00:51.190Z",1.07467,1.07473
"exness","EURUSD","2023-06-12 00:00:51.738Z",1.07465,1.07471
"exness","EURUSD","2023-06-12 00:00:51.757Z",1.07465,1.0747
"exness","EURUSD","2023-06-12 00:00:51.761Z",1.07465,1.07471
"exness","EURUSD","2023-06-12 00:00:51.868Z",1.07467,1.07473
"exness","EURUSD","2023-06-12 00:00:52.463Z",1.07468,1.07475
"exness","EURUSD","2023-06-12 00:00:52.492Z",1.0747,1.07476
"exness","EURUSD","2023-06-12 00:00:52.876Z",1.07469,1.07474
"exness","EURUSD","2023-06-12 00:00:53.524Z",1.0747,1.07476
"exness","EURUSD","2023-06-12 00:00:55.705Z",1.07471,1.07477
"exness","EURUSD","2023-06-12 00:00:57.095Z",1.07473,1.07479
"exness","EURUSD","2023-06-12 00:00:57.111Z",1.07475,1.07481
"exness","EURUSD","2023-06-12 00:00:57.282Z",1.07476,1.07483
"exness","EURUSD","2023-06-12 00:01:00.713Z",1.07475,1.0748
"exness","EURUSD","2023-06-12 00:01:02.768Z",1.07473,1.07479
"exness","EURUSD","2023-06-12 00:01:03.708Z",1.07473,1.07478
"exness","EURUSD","2023-06-12 00:01:13.267Z",1.07474,1.0748
"exness","EURUSD","2023-06-12 00:01:13.378Z",1.07475,1.07481
"exness","EURUSD","2023-06-12 00:01:26.390Z",1.07474,1.0748
"exness","EURUSD","2023-06-12 00:01:27.100Z",1.07472,1.07479
"exness","EURUSD","2023-06-12 00:01:31.038Z",1.0747,1.07477
"exness","EURUSD","2023-06-12 00:01:31.084Z",1.07469,1.07475
"exness","EURUSD","2023-06-12 00:01:32.143Z",1.07468,1.07473
"exness","EURUSD","2023-06-12 00:01:33.399Z",1.07467,1.07473
"exness","EURUSD","2023-06-12 00:01:37.292Z",1.07469,1.07475
"exness","EURUSD","2023-06-12 00:01:37.693Z",1.0747,1.07475
"exness","EURUSD","2023-06-12 00:01:39.314Z",1.0747,1.07477
"exness","EURUSD","2023-06-12 00:01:39.332Z",1.07472,1.07478
"exness","EURUSD","2023-06-12 00:01:41.057Z",1.07474,1.0748
"exness","EURUSD","2023-06-12 00:01:41.366Z",1.07475,1.0748
"exness","EURUSD","2023-06-12 00:01:42.186Z",1.07476,1.0748199999999999
"exness","EURUSD","2023-06-12 00:01:49.417Z",1.07477,1.07483
"exness","EURUSD","2023-06-12 00:01:50.345Z",1.07478,1.07484
"exness","EURUSD","2023-06-12 00:01:50.361Z",1.0748,1.07486
"exness","EURUSD","2023-06-12 00:01:55.606Z",1.0748199999999999,1.07488
"exness","EURUSD","2023-06-12 00:01:56.036Z",1.07484,1.0749
"exness","EURUSD","2023-06-12 00:01:57.117Z",1.07485,1.07491
"exness","EURUSD","2023-06-12 00:01:57.507Z",1.07484,1.07489
"exness","EURUSD","2023-06-12 00:02:00.213Z",1.0748199999999999,1.07489
"exness","EURUSD","2023-06-12 00:02:02.025Z",1.0748199999999999,1.07487
"exness","EURUSD","2023-06-12 00:02:19.355Z",1.07484,1.0749
"exness","EURUSD","2023-06-12 00:02:20.533Z",1.07485,1.07491
"exness","EURUSD","2023-06-12 00:02:21.029Z",1.07483,1.0749
"exness","EURUSD","2023-06-12 00:02:21.630Z",1.07483,1.07488
"exness","EURUSD","2023-06-12 00:02:33.319Z",1.0748,1.07487
"exness","EURUSD","2023-06-12 00:02:33.934Z",1.07479,1.07485
"exness","EURUSD","2023-06-12 00:02:33.940Z",1.07477,1.07483
"exness","EURUSD","2023-06-12 00:02:33.967Z",1.07475,1.0748199999999999
"exness","EURUSD","2023-06-12 00:02:33.983Z",1.07474,1.0748
"exness","EURUSD","2023-06-12 00:02:33.991Z",1.07472,1.07478
"exness","EURUSD","2023-06-12 00:02:46.476Z",1.0747,1.07477
"exness","EURUSD","2023-06-12 00:02:52.843Z",1.07469,1.07476
"exness","EURUSD","2023-06-12 00:02:58.347Z",1.07471,1.07477
"exness","EURUSD","2023-06-12 00:03:00.382Z",1.07473,1.07479
"exness","EURUSD","2023-06-12 00:03:03.800Z",1.07472,1.07477
"exness","EURUSD","2023-06-12 00:03:08.865Z",1.07473,1.0748
"exness","EURUSD","2023-06-12 00:03:11.391Z",1.07476,1.0748199999999999
"exness","EURUSD","2023-06-12 00:03:11.962Z",1.07476,1.07481
"exness","EURUSD","2023-06-12 00:03:13.183Z",1.07476,1.0748199999999999
"exness","EURUSD","2023-06-12 00:03:17.575Z",1.07478,1.07483
"exness","EURUSD","2023-06-12 00:03:24.599Z",1.07479,1.07485
"exness","EURUSD","2023-06-12 00:03:24.674Z",1.0748,1.07486
"exness","EURUSD","2023-06-12 00:03:24.758Z",1.0748199999999999,1.07487
"exness","EURUSD","2023-06-12 00:03:28.065Z",1.0748199999999999,1.07488
"exness","EURUSD","2023-06-12 00:03:37.010Z",1.0748,1.07486
"exness","EURUSD","2023-06-12 00:03:47.511Z",1.07478,1.07484
"exness","EURUSD","2023-06-12 00:03:47.597Z",1.07479,1.07486
"exness","EURUSD","2023-06-12 00:03:47.758Z",1.07481,1.07487
"exness","EURUSD","2023-06-12 00:03:53.628Z",1.07483,1.07489
"exness","EURUSD","2023-06-12 00:03:53.654Z",1.07485,1.07491
"exness","EURUSD","2023-06-12 00:03:53.687Z",1.07486,1.07493
"exness","EURUSD","2023-06-12 00:04:31.385Z",1.07485,1.07491
"exness","EURUSD","2023-06-12 00:04:31.443Z",1.07483,1.0749
"exness","EURUSD","2023-06-12 00:04:35.150Z",1.07483,1.07488
"exness","EURUSD","2023-06-12 00:04:49.562Z",1.07481,1.07487
"exness","EURUSD","2023-06-12 00:04:49.647Z",1.0748,1.07485
"exness","EURUSD","2023-06-12 00:04:49.746Z",1.07479,1.07485
"exness","EURUSD","2023-06-12 00:04:52.528Z",1.0748,1.07485
"exness","EURUSD","2023-06-12 00:05:08.132Z",1.07481,1.07488
"exness","EURUSD","2023-06-12 00:05:08.330Z",1.07481,1.07486
"exness","EURUSD","2023-06-12 00:05:08.441Z",1.07479,1.07485
"exness","EURUSD","2023-06-12 00:05:08.466Z",1.07479,1.07484
"exness","EURUSD","2023-06-12 00:05:10.837Z",1.07477,1.07483
"exness","EURUSD","2023-06-12 00:05:12.466Z",1.07474,1.0748
"exness","EURUSD","2023-06-12 00:05:22.690Z",1.07476,1.07481
"exness","EURUSD","2023-06-12 00:05:24.720Z",1.07475,1.0748
"exness","EURUSD","2023-06-12 00:05:24.945Z",1.07475,1.07481
"exness","EURUSD","2023-06-12 00:05:25.415Z",1.07477,1.0748199999999999
"exness","EURUSD","2023-06-12 00:05:37.258Z",1.07477,1.07484
"exness","EURUSD","2023-06-12 00:05:44.399Z",1.07478,1.07483
"exness","EURUSD","2023-06-12 00:05:48.409Z",1.07475,1.07481
"exness","EURUSD","2023-06-12 00:05:53.908Z",1.07477,1.0748199999999999
"exness","EURUSD","2023-06-12 00:06:28.538Z",1.07475,1.07481
"exness","EURUSD","2023-06-12 00:06:29.005Z",1.07473,1.0748
"exness","EURUSD","2023-06-12 00:06:29.687Z",1.07472,1.07478
"exness","EURUSD","2023-06-12 00:07:01.220Z",1.07473,1.07479
"exness","EURUSD","2023-06-12 00:07:11.436Z",1.07472,1.07478
"exness","EURUSD","2023-06-12 00:07:11.458Z",1.0747,1.07477
"exness","EURUSD","2023-06-12 00:07:11.480Z",1.07468,1.07475
"exness","EURUSD","2023-06-12 00:07:11.505Z",1.07467,1.07473
"exness","EURUSD","2023-06-12 00:07:11.541Z",1.07466,1.07471
"exness","EURUSD","2023-06-12 00:07:11.777Z",1.07467,1.07473
"exness","EURUSD","2023-06-12 00:07:22.194Z",1.07468,1.07474
"exness","EURUSD","2023-06-12 00:07:43.089Z",1.07467,1.07473
"exness","EURUSD","2023-06-12 00:07:58.265Z",1.07466,1.07472
"exness","EURUSD","2023-06-12 00:08:02.906Z",1.07465,1.07471
"exness","EURUSD","2023-06-12 00:08:06.936Z",1.07464,1.07469
"exness","EURUSD","2023-06-12 00:08:09.038Z",1.07462,1.07469
"exness","EURUSD","2023-06-12 00:08:20.881Z",1.07464,1.0747
"exness","EURUSD","2023-06-12 00:08:23.838Z",1.07462,1.07468
"exness","EURUSD","2023-06-12 00:08:43.711Z",1.07461,1.07466
"exness","EURUSD","2023-06-12 00:08:43.854Z",1.0746,1.07466
"exness","EURUSD","2023-06-12 00:08:55.756Z",1.0746,1.07465
"exness","EURUSD","2023-06-12 00:09:00.390Z",1.0746,1.07467
"exness","EURUSD","2023-06-12 00:09:13.816Z",1.07461,1.07468
"exness","EURUSD","2023-06-12 00:09:13.837Z",1.07461,1.07466
"exness","EURUSD","2023-06-12 00:09:18.281Z",1.07461,1.07467
"exness","EURUSD","2023-06-12 00:09:55.286Z",1.0746,1.07465
"exness","EURUSD","2023-06-12 00:09:56.669Z",1.07461,1.07467
"exness","EURUSD","2023-06-12 00:10:11.841Z",1.07462,1.07468
"exness","EURUSD","2023-06-12 00:10:11.876Z",1.07464,1.0747
"exness","EURUSD","2023-06-12 00:10:19.445Z",1.07463,1.07468
"exness","EURUSD","2023-06-12 00:10:19.660Z",1.07461,1.07467
"exness","EURUSD","2023-06-12 00:10:19.700Z",1.07459,1.07466
"exness","EURUSD","2023-06-12 00:10:22.413Z",1.07459,1.07464
"exness","EURUSD","2023-06-12 00:10:22.433Z",1.07458,1.07464
"exness","EURUSD","2023-06-12 00:10:22.462Z",1.07456,1.07462
"exness","EURUSD","2023-06-12 00:10:22.497Z",1.07455,1.07461
"exness","EURUSD","2023-06-12 00:10:22.530Z",1.07453,1.07459
"exness","EURUSD","2023-06-12 00:10:22.555Z",1.07452,1.07458
"exness","EURUSD","2023-06-12 00:11:15.718Z",1.07449,1.07456
"exness","EURUSD","2023-06-12 00:11:15.741Z",1.07448,1.07454
"exness","EURUSD","2023-06-12 00:11:35.097Z",1.07449,1.07456
"exness","EURUSD","2023-06-12 00:11:43.786Z",1.07451,1.07456
"exness","EURUSD","2023-06-12 00:11:44.086Z",1.07449,1.07456
"exness","EURUSD","2023-06-12 00:11:51.966Z",1.07449,1.07454
"exness","EURUSD","2023-06-12 00:12:13.160Z",1.07447,1.07453
"exness","EURUSD","2023-06-12 00:12:19.275Z",1.07447,1.07452
"exness","EURUSD","2023-06-12 00:12:55.657Z",1.07448,1.07454
"exness","EURUSD","2023-06-12 00:12:55.691Z",1.0745,1.07456
"exness","EURUSD","2023-06-12 00:12:55.806Z",1.07451,1.07458
"exness","EURUSD","2023-06-12 00:13:01.099Z",1.07452,1.07457
"exness","EURUSD","2023-06-12 00:13:01.105Z",1.07453,1.07459
"exness","EURUSD","2023-06-12 00:13:01.132Z",1.07454,1.07461
"exness","EURUSD","2023-06-12 00:13:01.175Z",1.07456,1.07462
"exness","EURUSD","2023-06-12 00:13:06.889Z",1.07457,1.07462
"exness","EURUSD","2023-06-12 00:13:33.235Z",1.07457,1.07463
"exness","EURUSD","2023-06-12 00:14:06.375Z",1.07458,1.07465
"exness","EURUSD","2023-06-12 00:14:12.656Z",1.07459,1.07464
"exness","EURUSD","2023-06-12 00:14:36.961Z",1.07459,1.07465
"exness","EURUSD","2023-06-12 00:14:37.191Z",1.07461,1.07466
"exness","EURUSD","2023-06-12 00:14:41.497Z",1.07461,1.07468
"exness","EURUSD","2023-06-12 00:14:45.686Z",1.0746,1.07466
"exness","EURUSD","2023-06-12 00:14:45.724Z",1.07459,1.07465
"exness","EURUSD","2023-06-12 00:14:46.096Z",1.07458,1.07463
"exness","EURUSD","2023-06-12 00:14:52.756Z",1.0746,1.07466
"exness","EURUSD","2023-06-12 00:14:52.786Z",1.07461,1.07467
"exness","EURUSD","2023-06-12 00:14:56.255Z",1.07463,1.07468
"exness","EURUSD","2023-06-12 00:15:03.425Z",1.07463,1.07469
"exness","EURUSD","2023-06-12 00:15:05.886Z",1.07464,1.07471
"exness","EURUSD","2023-06-12 00:15:05.896Z",1.07466,1.07472
"exness","EURUSD","2023-06-12 00:15:06.294Z",1.07467,1.07474
"exness","EURUSD","2023-06-12 00:15:08.546Z",1.07469,1.07475
"exness","EURUSD","2023-06-12 00:15:09.730Z",1.07468,1.07474
"exness","EURUSD","2023-06-12 00:15:15.460Z",1.07469,1.07476
"exness","EURUSD","2023-06-12 00:15:15.479Z",1.07472,1.07477
"exness","EURUSD","2023-06-12 00:15:22.351Z",1.07472,1.07478
"exness","EURUSD","2023-06-12 00:15:23.182Z",1.0747,1.07476
"exness","EURUSD","2023-06-12 00:15:23.344Z",1.07468,1.07475
"exness","EURUSD","2023-06-12 00:15:24.177Z",1.07468,1.07473
"exness","EURUSD","2023-06-12 00:15:42.339Z",1.07466,1.07472
"exness","EURUSD","2023-06-12 00:15:54.375Z",1.07467,1.07472
"exness","EURUSD","2023-06-12 00:16:04.903Z",1.07465,1.07471
"exness","EURUSD","2023-06-12 00:16:05.062Z",1.07463,1.0747
"exness","EURUSD","2023-06-12 00:16:13.724Z",1.07465,1.0747
"exness","EURUSD","2023-06-12 00:16:18.495Z",1.07466,1.07472
"exness","EURUSD","2023-06-12 00:16:19.221Z",1.07468,1.07474
"exness","EURUSD","2023-06-12 00:16:19.434Z",1.07469,1.07474
"exness","EURUSD","2023-06-12 00:16:19.446Z",1.0747,1.07476
"exness","EURUSD","2023-06-12 00:16:19.482Z",1.07471,1.07478
"exness","EURUSD","2023-06-12 00:16:35.871Z",1.07473,1.07478
"exness","EURUSD","2023-06-12 00:16:43.017Z",1.07474,1.0748
"exness","EURUSD","2023-06-12 00:16:43.044Z",1.07475,1.0748199999999999
"exness","EURUSD","2023-06-12 00:16:43.082Z",1.07477,1.07483
"exness","EURUSD","2023-06-12 00:17:31.066Z",1.07478,1.07484
"exness","EURUSD","2023-06-12 00:17:35.228Z",1.0748,1.07486
"exness","EURUSD","2023-06-12 00:17:40.370Z",1.07479,1.07484
"exness","EURUSD","2023-06-12 00:17:41.849Z",1.07477,1.07484
"exness","EURUSD","2023-06-12 00:17:47.785Z",1.07479,1.07484
"exness","EURUSD","2023-06-12 00:17:55.432Z",1.07477,1.07484
"exness","EURUSD","2023-06-12 00:17:55.474Z",1.07476,1.0748199999999999
"exness","EURUSD","2023-06-12 00:17:55.577Z",1.07475,1.0748
"exness","EURUSD","2023-06-12 00:17:59.349Z",1.07473,1.07479
"exness","EURUSD","2023-06-12 00:18:10.220Z",1.07472,1.07478
"exness","EURUSD","2023-06-12 00:18:10.891Z",1.07471,1.07477
"exness","EURUSD","2023-06-12 00:18:10.995Z",1.07469,1.07475
"exness","EURUSD","2023-06-12 00:18:11.154Z",1.07468,1.07473
"exness","EURUSD","2023-06-12 00:18:15.073Z",1.0747,1.07476
"exness","EURUSD","2023-06-12 00:18:15.133Z",1.07471,1.07477
"exness","EURUSD","2023-06-12 00:18:17.571Z",1.07473,1.07479
"exness","EURUSD","2023-06-12 00:18:25.831Z",1.07474,1.0748
"exness","EURUSD","2023-06-12 00:18:47.935Z",1.07475,1.07481
"exness","EURUSD","2023-06-12 00:18:52.451Z",1.07476,1.07483
"exness","EURUSD","2023-06-12 00:18:53.397Z",1.07476,1.07481
"exness","EURUSD","2023-06-12 00:19:00.934Z",1.07475,1.07481
"exness","EURUSD","2023-06-12 00:19:02.931Z",1.07476,1.0748199999999999
"exness","EURUSD","2023-06-12 00:19:02.969Z",1.07476,1.07481
"exness","EURUSD","2023-06-12 00:19:06.955Z",1.07475,1.07481
"exness","EURUSD","2023-06-12 00:19:25.435Z",1.07473,1.07479
"exness","EURUSD","2023-06-12 00:19:45.956Z",1.07473,1.07478
"exness","EURUSD","2023-06-12 00:20:01.637Z",1.07471,1.07477
"exness","EURUSD","2023-06-12 00:20:01.787Z",1.07472,1.07477
"exness","EURUSD","2023-06-12 00:20:13.148Z",1.07472,1.07479
"exness","EURUSD","2023-06-12 00:20:37.496Z",1.07471,1.07477
"exness","EURUSD","2023-06-12 00:20:48.615Z",1.07471,1.07476
"exness","EURUSD","2023-06-12 00:21:25.277Z",1.07471,1.07477
"exness","EURUSD","2023-06-12 00:21:27.701Z",1.07472,1.07478
"exness","EURUSD","2023-06-12 00:21:36.998Z",1.07471,1.07477
"exness","EURUSD","2023-06-12 00:21:41.753Z",1.0747,1.07475
"exness","EURUSD","2023-06-12 00:21:57.338Z",1.07469,1.07475
"exness","EURUSD","2023-06-12 00:21:57.529Z",1.07468,1.07473
"exness","EURUSD","2023-06-12 00:21:57.550Z",1.07469,1.07475
"exness","EURUSD","2023-06-12 00:22:02.724Z",1.07467,1.07473
"exness","EURUSD","2023-06-12 00:22:03.724Z",1.07466,1.07472
"exness","EURUSD","2023-06-12 00:22:05.882Z",1.07464,1.0747
"exness","EURUSD","2023-06-12 00:22:27.472Z",1.07466,1.07472
"exness","EURUSD","2023-06-12 00:22:28.725Z",1.07467,1.07474
"exness","EURUSD","2023-06-12 00:23:00.357Z",1.07466,1.07472
"exness","EURUSD","2023-06-12 00:23:01.327Z",1.07466,1.07471
"exness","EURUSD","2023-06-12 00:23:15.175Z",1.07463,1.07469
"exness","EURUSD","2023-06-12 00:23:23.143Z",1.07463,1.07468
"exness","EURUSD","2023-06-12 00:23:27.413Z",1.07463,1.0747
"exness","EURUSD","2023-06-12 00:23:27.597Z",1.07465,1.0747
"exness","EURUSD","2023-06-12 00:23:32.417Z",1.07463,1.0747
"exness","EURUSD","2023-06-12 00:23:33.607Z",1.07461,1.07467
"exness","EURUSD","2023-06-12 00:23:33.666Z",1.0746,1.07466
"exness","EURUSD","2023-06-12 00:23:36.071Z",1.07458,1.07465
"exness","EURUSD","2023-06-12 00:23:48.775Z",1.07457,1.07463
"exness","EURUSD","2023-06-12 00:23:57.186Z",1.07455,1.07462
"exness","EURUSD","2023-06-12 00:24:01.446Z",1.07454,1.07461
"exness","EURUSD","2023-06-12 00:24:03.715Z",1.07453,1.07459
"exness","EURUSD","2023-06-12 00:24:11.998Z",1.07453,1.07458
"exness","EURUSD","2023-06-12 00:24:42.084Z",1.07454,1.0746
"exness","EURUSD","2023-06-12 00:24:46.385Z",1.07456,1.07462
"exness","EURUSD","2023-06-12 00:24:56.865Z",1.07457,1.07463
"exness","EURUSD","2023-06-12 00:26:08.570Z",1.07455,1.07462
"exness","EURUSD","2023-06-12 00:26:08.656Z",1.07454,1.0746
"exness","EURUSD","2023-06-12 00:26:09.850Z",1.07453,1.07459
"exness","EURUSD","2023-06-12 00:26:18.227Z",1.07454,1.0746
"exness","EURUSD","2023-06-12 00:26:26.122Z",1.07455,1.0746
"exness","EURUSD","2023-06-12 00:26:32.305Z",1.07452,1.07459
"exness","EURUSD","2023-06-12 00:27:36.111Z",1.07451,1.07457
"exness","EURUSD","2023-06-12 00:27:49.903Z",1.07452,1.07458
"exness","EURUSD","2023-06-12 00:28:01.017Z",1.07451,1.07457
"exness","EURUSD","2023-06-12 00:28:03.026Z",1.0745,1.07456
"exness","EURUSD","2023-06-12 00:28:13.730Z",1.07452,1.07457
"exness","EURUSD","2023-06-12 00:28:32.839Z",1.07452,1.07458
"exness","EURUSD","2023-06-12 00:29:02.294Z",1.07454,1.0746
"exness","EURUSD","2023-06-12 00:29:03.691Z",1.07455,1.07461
"exness","EURUSD","2023-06-12 00:29:18.451Z",1.07454,1.0746
"exness","EURUSD","2023-06-12 00:29:42.243Z",1.07455,1.07461
"exness","EURUSD","2023-06-12 00:29:51.697Z",1.07457,1.07463
"exness","EURUSD","2023-06-12 00:29:59.225Z",1.07457,1.07462
"exness","EURUSD","2023-06-12 00:30:00.105Z",1.07455,1.07461
"exness","EURUSD","2023-06-12 00:30:00.197Z",1.07454,1.07459
"exness","EURUSD","2023-06-12 00:30:00.382Z",1.07453,1.07459
"exness","EURUSD","2023-06-12 00:30:02.991Z",1.07451,1.07457
"exness","EURUSD","2023-06-12 00:30:04.162Z",1.07453,1.07458
"exness","EURUSD","2023-06-12 00:30:07.422Z",1.07453,1.07459
"exness","EURUSD","2023-06-12 00:30:15.920Z",1.07455,1.07461
"exness","EURUSD","2023-06-12 00:30:16.013Z",1.07456,1.07462
"exness","EURUSD","2023-06-12 00:30:20.752Z",1.07457,1.07464
"exness","EURUSD","2023-06-12 00:30:26.612Z",1.07456,1.07462
"exness","EURUSD","2023-06-12 00:30:35.902Z",1.07457,1.07463
"exness","EURUSD","2023-06-12 00:31:22.339Z",1.07458,1.07465
"exness","EURUSD","2023-06-12 00:31:22.441Z",1.0746,1.07466
"exness","EURUSD","2023-06-12 00:31:22.470Z",1.07462,1.07468
"exness","EURUSD","2023-06-12 00:31:23.193Z",1.07463,1.07469
"exness","EURUSD","2023-06-12 00:31:23.245Z",1.07465,1.07471
"exness","EURUSD","2023-06-12 00:31:23.650Z",1.07467,1.07472
"exness","EURUSD","2023-06-12 00:31:26.239Z",1.07464,1.07471
"exness","EURUSD","2023-06-12 00:31:27.839Z",1.07463,1.07469
"exness","EURUSD","2023-06-12 00:31:47.439Z",1.07461,1.07468
"exness","EURUSD","2023-06-12 00:31:47.609Z",1.0746,1.07466
"exness","EURUSD","2023-06-12 00:31:48.037Z",1.07458,1.07465
"exness","EURUSD","2023-06-12 00:31:48.604Z",1.07458,1.07463
"exness","EURUSD","2023-06-12 00:32:11.988Z",1.07458,1.07465
"exness","EURUSD","2023-06-12 00:32:20.765Z",1.07457,1.07463
"exness","EURUSD","2023-06-12 00:32:20.839Z",1.07455,1.07462
"exness","EURUSD","2023-06-12 00:32:23.010Z",1.07454,1.0746
"exness","EURUSD","2023-06-12 00:32:26.748Z",1.07453,1.07459
"exness","EURUSD","2023-06-12 00:33:13.079Z",1.07454,1.0746
"exness","EURUSD","2023-06-12 00:33:13.109Z",1.07456,1.07462
"exness","EURUSD","2023-06-12 00:33:14.039Z",1.07458,1.07463
"exness","EURUSD","2023-06-12 00:33:22.258Z",1.07456,1.07462
"exness","EURUSD","2023-06-12 00:33:30.775Z",1.07454,1.0746
"exness","EURUSD","2023-06-12 00:33:37.372Z",1.07453,1.07459
"exness","EURUSD","2023-06-12 00:33:56.440Z",1.07454,1.07461
"exness","EURUSD","2023-06-12 00:33:56.477Z",1.07456,1.07462
"exness","EURUSD","2023-06-12 00:33:59.269Z",1.07457,1.07463
"exness","EURUSD","2023-06-12 00:34:00.078Z",1.07459,1.07464
"exness","EURUSD","2023-06-12 00:34:26.720Z",1.0746,1.07466
"exness","EURUSD","2023-06-12 00:34:26.748Z",1.07461,1.07467
"exness","EURUSD","2023-06-12 00:34:27.248Z",1.07463,1.07468
"exness","EURUSD","2023-06-12 00:34:41.316Z",1.07461,1.07467
"exness","EURUSD","2023-06-12 00:34:57.114Z",1.07461,1.07466
"exness","EURUSD","2023-06-12 00:34:57.188Z",1.07459,1.07465
"exness","EURUSD","2023-06-12 00:34:59.508Z",1.07458,1.07464
"exness","EURUSD","2023-06-12 00:35:00.386Z",1.0746,1.07466
"exness","EURUSD","2023-06-12 00:35:00.586Z",1.07461,1.07467
"exness","EURUSD","2023-06-12 00:35:01.237Z",1.07463,1.07469
"exness","EURUSD","2023-06-12 00:35:05.554Z",1.07463,1.07468
"exness","EURUSD","2023-06-12 00:35:06.141Z",1.07461,1.07467
"exness","EURUSD","2023-06-12 00:35:12.068Z",1.07462,1.07469
"exness","EURUSD","2023-06-12 00:35:15.585Z",1.07464,1.0747
"exness","EURUSD","2023-06-12 00:35:28.898Z",1.07463,1.07469
"exness","EURUSD","2023-06-12 00:35:30.288Z",1.07465,1.07471
"exness","EURUSD","2023-06-12 00:35:30.316Z",1.07464,1.07469
"exness","EURUSD","2023-06-12 00:35:31.610Z",1.07463,1.07469
"exness","EURUSD","2023-06-12 00:35:33.359Z",1.07461,1.07468
"exness","EURUSD","2023-06-12 00:35:34.466Z",1.07461,1.07466
"exness","EURUSD","2023-06-12 00:35:37.598Z",1.07462,1.07468
"exness","EURUSD","2023-06-12 00:35:37.612Z",1.07464,1.07469
"exness","EURUSD","2023-06-12 00:35:43.904Z",1.07462,1.07468
"exness","EURUSD","2023-06-12 00:36:06.179Z",1.07463,1.07469
"exness","EURUSD","2023-06-12 00:36:06.206Z",1.07464,1.07471
"exness","EURUSD","2023-06-12 00:36:06.234Z",1.07466,1.07472
"exness","EURUSD","2023-06-12 00:36:07.401Z",1.07467,1.07474
"exness","EURUSD","2023-06-12 00:36:11.229Z",1.07466,1.07473
"exness","EURUSD","2023-06-12 00:36:33.241Z",1.07468,1.07473
"exness","EURUSD","2023-06-12 00:36:33.296Z",1.07466,1.07472
"exness","EURUSD","2023-06-12 00:36:34.654Z",1.07466,1.07471
"exness","EURUSD","2023-06-12 00:36:40.193Z",1.07464,1.0747
"exness","EURUSD","2023-06-12 00:36:41.516Z",1.07463,1.07469
"exness","EURUSD","2023-06-12 00:36:46.873Z",1.07461,1.07467
"exness","EURUSD","2023-06-12 00:37:00.856Z",1.07459,1.07465
"exness","EURUSD","2023-06-12 00:37:01.858Z",1.07457,1.07464
"exness","EURUSD","2023-06-12 00:37:04.045Z",1.07457,1.07462
"exness","EURUSD","2023-06-12 00:37:05.211Z",1.07456,1.07461
"exness","EURUSD","2023-06-12 00:37:07.709Z",1.07456,1.07462
"exness","EURUSD","2023-06-12 00:37:13.513Z",1.07457,1.07463
"exness","EURUSD","2023-06-12 00:37:36.425Z",1.07459,1.07465
"exness","EURUSD","2023-06-12 00:37:37.801Z",1.0746,1.07467
"exness","EURUSD","2023-06-12 00:37:42.892Z",1.07462,1.07468
"exness","EURUSD","2023-06-12 00:38:23.408Z",1.07463,1.0747
"exness","EURUSD","2023-06-12 00:38:27.726Z",1.07464,1.07471
"exness","EURUSD","2023-06-12 00:38:30.956Z",1.07463,1.0747
"exness","EURUSD","2023-06-12 00:38:56.595Z",1.07465,1.0747
"exness","EURUSD","2023-06-12 00:39:00.318Z",1.07464,1.0747
"exness","EURUSD","2023-06-12 00:39:06.642Z",1.07465,1.07471
"exness","EURUSD","2023-06-12 00:39:06.663Z",1.07467,1.07473
"exness","EURUSD","2023-06-12 00:39:09.389Z",1.07468,1.07473
"exness","EURUSD","2023-06-12 00:39:40.006Z",1.07466,1.07472
"exness","EURUSD","2023-06-12 00:39:40.116Z",1.07464,1.07471
"exness","EURUSD","2023-06-12 00:39:45.626Z",1.07465,1.07472
"exness","EURUSD","2023-06-12 00:39:53.305Z",1.07465,1.0747
"exness","EURUSD","2023-06-12 00:40:03.029Z",1.07466,1.07472
"exness","EURUSD","2023-06-12 00:40:03.823Z",1.07468,1.07473
"exness","EURUSD","2023-06-12 00:40:15.367Z",1.07468,1.07474
"exness","EURUSD","2023-06-12 00:40:22.362Z",1.0747,1.07476
"exness","EURUSD","2023-06-12 00:41:57.802Z",1.07472,1.07478
"exness","EURUSD","2023-06-12 00:41:57.818Z",1.07473,1.0748
"exness","EURUSD","2023-06-12 00:41:57.835Z",1.07475,1.07481
"exness","EURUSD","2023-06-12 00:41:58.619Z",1.07477,1.0748199999999999
"exness","EURUSD","2023-06-12 00:41:58.713Z",1.07477,1.07483
"exness","EURUSD","2023-06-12 00:42:06.971Z",1.07478,1.07484
"exness","EURUSD","2023-06-12 00:42:11.269Z",1.0748,1.07485
"exness","EURUSD","2023-06-12 00:42:13.595Z",1.07478,1.07485
"exness","EURUSD","2023-06-12 00:42:16.287Z",1.0748,1.07485
"exness","EURUSD","2023-06-12 00:42:20.839Z",1.0748,1.07486
"exness","EURUSD","2023-06-12 00:42:27.659Z",1.0748,1.07485
"exness","EURUSD","2023-06-12 00:42:28.441Z",1.07479,1.07485
"exness","EURUSD","2023-06-12 00:42:30.776Z",1.07478,1.07483
"exness","EURUSD","2023-06-12 00:42:34.443Z",1.07478,1.07485
"exness","EURUSD","2023-06-12 00:42:45.814Z",1.07478,1.07483
"exness","EURUSD","2023-06-12 00:42:58.032Z",1.07476,1.0748199999999999
"exness","EURUSD","2023-06-12 00:43:05.146Z",1.07474,1.0748
"exness","EURUSD","2023-06-12 00:43:09.279Z",1.07473,1.07478
"exness","EURUSD","2023-06-12 00:43:13.000Z",1.07471,1.07477
"exness","EURUSD","2023-06-12 00:43:13.020Z",1.0747,1.07476
"exness","EURUSD","2023-06-12 00:43:13.127Z",1.07468,1.07474
"exness","EURUSD","2023-06-12 00:43:34.616Z",1.07468,1.07473
"exness","EURUSD","2023-06-12 00:43:40.282Z",1.07467,1.07473
"exness","EURUSD","2023-06-12 00:43:46.345Z",1.07465,1.07471
"exness","EURUSD","2023-06-12 00:43:47.737Z",1.07464,1.0747
"exness","EURUSD","2023-06-12 00:43:55.922Z",1.07466,1.07472
"exness","EURUSD","2023-06-12 00:45:00.479Z",1.07465,1.07471
"exness","EURUSD","2023-06-12 00:45:03.478Z",1.07465,1.0747
"exness","EURUSD","2023-06-12 00:45:03.830Z",1.07465,1.07471
"exness","EURUSD","2023-06-12 00:45:17.445Z",1.07464,1.0747
"exness","EURUSD","2023-06-12 00:45:19.123Z",1.07464,1.07469
"exness","EURUSD","2023-06-12 00:46:10.760Z",1.07462,1.07468
"exness","EURUSD","2023-06-12 00:46:40.075Z",1.07463,1.07468
"exness","EURUSD","2023-06-12 00:46:48.082Z",1.07461,1.07468
"exness","EURUSD","2023-06-12 00:47:00.931Z",1.07459,1.07466
"exness","EURUSD","2023-06-12 00:47:00.989Z",1.07458,1.07464
"exness","EURUSD","2023-06-12 00:47:01.897Z",1.07458,1.07463
"exness","EURUSD","2023-06-12 00:47:16.625Z",1.07455,1.07462
"exness","EURUSD","2023-06-12 00:47:18.757Z",1.07457,1.07462
"exness","EURUSD","2023-06-12 00:47:28.226Z",1.07457,1.07463
"exness","EURUSD","2023-06-12 00:48:01.532Z",1.07458,1.07465
"exness","EURUSD","2023-06-12 00:48:01.792Z",1.0746,1.07465
"exness","EURUSD","2023-06-12 00:48:02.905Z",1.07459,1.07465
"exness","EURUSD","2023-06-12 00:48:11.937Z",1.07458,1.07464
"exness","EURUSD","2023-06-12 00:48:22.887Z",1.07457,1.07462
"exness","EURUSD","2023-06-12 00:48:37.306Z",1.07456,1.07462
"exness","EURUSD","2023-06-12 00:48:37.344Z",1.07454,1.0746
"exness","EURUSD","2023-06-12 00:48:39.643Z",1.07453,1.07459
"exness","EURUSD","2023-06-12 00:48:44.523Z",1.07455,1.0746
"exness","EURUSD","2023-06-12 00:48:44.571Z",1.07455,1.07461
"exness","EURUSD","2023-06-12 00:48:45.191Z",1.07457,1.07463
"exness","EURUSD","2023-06-12 00:48:47.601Z",1.07458,1.07463
"exness","EURUSD","2023-06-12 00:48:49.761Z",1.07458,1.07464
"exness","EURUSD","2023-06-12 00:49:09.216Z",1.07457,1.07463
"exness","EURUSD","2023-06-12 00:49:17.022Z",1.07456,1.07462
"exness","EURUSD","2023-06-12 00:49:18.242Z",1.07454,1.0746
"exness","EURUSD","2023-06-12 00:49:21.554Z",1.07453,1.07458
"exness","EURUSD","2023-06-12 00:49:40.312Z",1.07454,1.07461
"exness","EURUSD","2023-06-12 00:50:00.807Z",1.07457,1.07463
"exness","EURUSD","2023-06-12 00:50:05.854Z",1.07456,1.07461
"exness","EURUSD","2023-06-12 00:50:16.000Z",1.07455,1.07461
"exness","EURUSD","2023-06-12 00:50:16.635Z",1.07455,1.0746
"exness","EURUSD","2023-06-12 00:50:16.674Z",1.07453,1.07459
"exness","EURUSD","2023-06-12 00:50:18.662Z",1.07453,1.07458
"exness","EURUSD","2023-06-12 00:50:30.643Z",1.07453,1.0746
"exness","EURUSD","2023-06-12 00:50:41.784Z",1.07453,1.07458
"exness","EURUSD","2023-06-12 00:50:56.917Z",1.07452,1.07458
"exness","EURUSD","2023-06-12 00:50:57.340Z",1.07451,1.07457
"exness","EURUSD","2023-06-12 00:51:04.264Z",1.07452,1.07457
"exness","EURUSD","2023-06-12 00:51:16.417Z",1.0745,1.07457
"exness","EURUSD","2023-06-12 00:51:16.532Z",1.07449,1.07455
"exness","EURUSD","2023-06-12 00:51:16.745Z",1.07451,1.07456
"exness","EURUSD","2023-06-12 00:51:22.061Z",1.07452,1.07458
"exness","EURUSD","2023-06-12 00:51:54.107Z",1.0745,1.07456
"exness","EURUSD","2023-06-12 00:51:54.133Z",1.07448,1.07455
"exness","EURUSD","2023-06-12 00:51:54.238Z",1.07447,1.07453
"exness","EURUSD","2023-06-12 00:52:03.002Z",1.07447,1.07452
"exness","EURUSD","2023-06-12 00:52:16.720Z",1.07445,1.07451
"exness","EURUSD","2023-06-12 00:52:16.760Z",1.07443,1.0745
"exness","EURUSD","2023-06-12 00:52:16.875Z",1.07442,1.07448
"exness","EURUSD","2023-06-12 00:52:32.704Z",1.07443,1.0745
"exness","EURUSD","2023-06-12 00:52:32.728Z",1.07445,1.07451
"exness","EURUSD","2023-06-12 00:52:46.055Z",1.07446,1.07452
"exness","EURUSD","2023-06-12 00:53:14.952Z",1.07445,1.07451
"exness","EURUSD","2023-06-12 00:53:15.089Z",1.07443,1.0745
"exness","EURUSD","2023-06-12 00:53:19.757Z",1.07443,1.07448
"exness","EURUSD","2023-06-12 00:53:21.839Z",1.07443,1.0745
"exness","EURUSD","2023-06-12 00:53:21.899Z",1.07445,1.0745
"exness","EURUSD","2023-06-12 00:53:27.183Z",1.07444,1.0745
"exness","EURUSD","2023-06-12 00:53:37.204Z",1.07443,1.07449
"exness","EURUSD","2023-06-12 00:53:48.849Z",1.07443,1.07448
"exness","EURUSD","2023-06-12 00:53:49.473Z",1.07443,1.0745
"exness","EURUSD","2023-06-12 00:54:00.921Z",1.07445,1.07451
"exness","EURUSD","2023-06-12 00:54:16.708Z",1.07443,1.07449
"exness","EURUSD","2023-06-12 00:54:21.117Z",1.07443,1.07448
"exness","EURUSD","2023-06-12 00:54:31.936Z",1.07443,1.07449
"exness","EURUSD","2023-06-12 00:54:48.932Z",1.07444,1.0745
"exness","EURUSD","2023-06-12 00:54:49.227Z",1.07446,1.07452
"exness","EURUSD","2023-06-12 00:54:49.234Z",1.07447,1.07454
"exness","EURUSD","2023-06-12 00:54:56.606Z",1.07449,1.07455
"exness","EURUSD","2023-06-12 00:54:56.633Z",1.0745,1.07456
"exness","EURUSD","2023-06-12 00:54:58.019Z",1.07452,1.07458
"exness","EURUSD","2023-06-12 00:54:59.703Z",1.07451,1.07456
"exness","EURUSD","2023-06-12 00:54:59.708Z",1.07449,1.07455
"exness","EURUSD","2023-06-12 00:54:59.723Z",1.07447,1.07453
"exness","EURUSD","2023-06-12 00:54:59.896Z",1.07446,1.07452
"exness","EURUSD","2023-06-12 00:55:00.132Z",1.07444,1.0745
"exness","EURUSD","2023-06-12 00:55:00.212Z",1.07445,1.07452
"exness","EURUSD","2023-06-12 00:55:00.281Z",1.07447,1.07453
"exness","EURUSD","2023-06-12 00:55:00.318Z",1.07449,1.07456
"exness","EURUSD","2023-06-12 00:55:00.414Z",1.07451,1.07457
"exness","EURUSD","2023-06-12 00:55:00.751Z",1.07452,1.07459
"exness","EURUSD","2023-06-12 00:55:00.906Z",1.07454,1.0746
"exness","EURUSD","2023-06-12 00:55:01.407Z",1.07456,1.07461
"exness","EURUSD","2023-06-12 00:55:02.049Z",1.07457,1.07463
"exness","EURUSD","2023-06-12 00:55:14.101Z",1.07458,1.07464
"exness","EURUSD","2023-06-12 00:55:14.925Z",1.07459,1.07466
"exness","EURUSD","2023-06-12 00:55:14.945Z",1.07461,1.07467
"exness","EURUSD","2023-06-12 00:55:15.015Z",1.07462,1.07469
"exness","EURUSD","2023-06-12 00:55:21.495Z",1.0746,1.07467
"exness","EURUSD","2023-06-12 00:55:37.904Z",1.07459,1.07466
"exness","EURUSD","2023-06-12 00:55:37.921Z",1.07458,1.07464
"exness","EURUSD","2023-06-12 00:55:37.999Z",1.07456,1.07463
"exness","EURUSD","2023-06-12 00:55:46.108Z",1.07455,1.07461
"exness","EURUSD","2023-06-12 00:55:50.145Z",1.07455,1.0746
"exness","EURUSD","2023-06-12 00:56:01.288Z",1.07455,1.07461
"exness","EURUSD","2023-06-12 00:56:01.972Z",1.07453,1.0746
"exness","EURUSD","2023-06-12 00:56:02.989Z",1.07454,1.07459
"exness","EURUSD","2023-06-12 00:56:12.573Z",1.07454,1.0746
"exness","EURUSD","2023-06-12 00:56:28.541Z",1.07453,1.07458
"exness","EURUSD","2023-06-12 00:56:29.811Z",1.07453,1.07459
"exness","EURUSD","2023-06-12 00:56:47.706Z",1.07453,1.07458
"exness","EURUSD","2023-06-12 00:57:06.707Z",1.07454,1.0746
"exness","EURUSD","2023-06-12 00:57:13.562Z",1.07455,1.0746
"exness","EURUSD","2023-06-12 00:57:16.014Z",1.07455,1.07462
"exness","EURUSD","2023-06-12 00:57:16.034Z",1.07457,1.07463
"exness","EURUSD","2023-06-12 00:57:36.095Z",1.07455,1.07462
"exness","EURUSD","2023-06-12 00:58:00.222Z",1.07453,1.0746
"exness","EURUSD","2023-06-12 00:58:03.778Z",1.07452,1.07458
"exness","EURUSD","2023-06-12 00:58:18.576Z",1.07452,1.07457
"exness","EURUSD","2023-06-12 00:58:21.223Z",1.0745,1.07456
"exness","EURUSD","2023-06-12 00:58:21.255Z",1.07448,1.07455
"exness","EURUSD","2023-06-12 00:58:23.460Z",1.07448,1.07453
"exness","EURUSD","2023-06-12 00:59:00.369Z",1.07449,1.07455
"exness","EURUSD","2023-06-12 00:59:00.400Z",1.0745,1.07457
"exness","EURUSD","2023-06-12 00:59:00.421Z",1.07452,1.07458
"exness","EURUSD","2023-06-12 00:59:01.563Z",1.07453,1.0746
"exness","EURUSD","2023-06-12 00:59:11.185Z",1.07452,1.07459
"exness","EURUSD","2023-06-12 00:59:25.148Z",1.07455,1.0746
"exness","EURUSD","2023-06-12 00:59:30.699Z",1.07453,1.07459
"exness","EURUSD","2023-06-12 00:59:31.789Z",1.07453,1.07458
"exness","EURUSD","2023-06-12 00:59:37.436Z",1.07451,1.07457
"exness","EURUSD","2023-06-12 00:59:38.549Z",1.07452,1.07457
"exness","EURUSD","2023-06-12 00:59:51.467Z",1.07454,1.07459
"exness","EURUSD","2023-06-12 00:59:57.094Z",1.07454,1.0746
"exness","EURUSD","2023-06-12 00:59:59.818Z",1.07454,1.07459
"exness","EURUSD","2023-06-12 00:59:59.942Z",1.07452,1.07458
"exness","EURUSD","2023-06-12 01:00:00.146Z",1.07452,1.07457
"exness","EURUSD","2023-06-12 01:00:00.281Z",1.0745,1.07456
"exness","EURUSD","2023-06-12 01:00:06.752Z",1.07449,1.07455
"exness","EURUSD","2023-06-12 01:00:06.854Z",1.07447,1.07453
"exness","EURUSD","2023-06-12 01:00:09.495Z",1.07445,1.07451
"exness","EURUSD","2023-06-12 01:00:09.535Z",1.07443,1.0745
"exness","EURUSD","2023-06-12 01:00:10.100Z",1.07443,1.07448
"exness","EURUSD","2023-06-12 01:00:13.430Z",1.07444,1.0745
"exness","EURUSD","2023-06-12 01:00:21.603Z",1.07445,1.0745
"exness","EURUSD","2023-06-12 01:00:22.787Z",1.07446,1.07452
"exness","EURUSD","2023-06-12 01:00:28.174Z",1.07447,1.07453
"exness","EURUSD","2023-06-12 01:00:32.047Z",1.07446,1.07452
"exness","EURUSD","2023-06-12 01:00:33.254Z",1.07444,1.07451
"exness","EURUSD","2023-06-12 01:00:34.254Z",1.07443,1.07449
"exness","EURUSD","2023-06-12 01:00:43.417Z",1.07444,1.0745
"exness","EURUSD","2023-06-12 01:00:46.384Z",1.07445,1.07452
"exness","EURUSD","2023-06-12 01:00:47.627Z",1.07445,1.0745
"exness","EURUSD","2023-06-12 01:00:47.727Z",1.07444,1.0745
"exness","EURUSD","2023-06-12 01:00:51.740Z",1.07443,1.07448
"exness","EURUSD","2023-06-12 01:00:55.839Z",1.07442,1.07448
"exness","EURUSD","2023-06-12 01:01:07.479Z",1.07441,1.07447
"exness","EURUSD","2023-06-12 01:01:07.508Z",1.07439,1.07445
"exness","EURUSD","2023-06-12 01:01:11.113Z",1.07439,1.07444
"exness","EURUSD","2023-06-12 01:01:15.613Z",1.0743800000000001,1.07444
"exness","EURUSD","2023-06-12 01:01:31.508Z",1.07436,1.07442
"exness","EURUSD","2023-06-12 01:01:31.529Z",1.07434,1.0744
"exness","EURUSD","2023-06-12 01:01:31.893Z",1.07433,1.0743800000000001
"exness","EURUSD","2023-06-12 01:01:36.641Z",1.07435,1.07441
"exness","EURUSD","2023-06-12 01:01:37.631Z",1.07436,1.07442
"exness","EURUSD","2023-06-12 01:01:40.021Z",1.0743800000000001,1.07444
"exness","EURUSD","2023-06-12 01:01:40.131Z",1.0744,1.07446
"exness","EURUSD","2023-06-12 01:01:40.525Z",1.07441,1.07446
"exness","EURUSD","2023-06-12 01:01:40.726Z",1.07442,1.07448
"exness","EURUSD","2023-06-12 01:01:43.509Z",1.0744,1.07447
"exness","EURUSD","2023-06-12 01:01:49.285Z",1.07439,1.07445
"exness","EURUSD","2023-06-12 01:01:49.632Z",1.0743800000000001,1.07443
"exness","EURUSD","2023-06-12 01:02:03.388Z",1.07437,1.07443
"exness","EURUSD","2023-06-12 01:02:30.114Z",1.0743800000000001,1.07445
"exness","EURUSD","2023-06-12 01:02:31.525Z",1.0744,1.07446
"exness","EURUSD","2023-06-12 01:02:33.821Z",1.07439,1.07445
"exness","EURUSD","2023-06-12 01:02:36.542Z",1.0744,1.07446
"exness","EURUSD","2023-06-12 01:02:36.593Z",1.07442,1.07448
"exness","EURUSD","2023-06-12 01:02:36.729Z",1.07443,1.07449
"exness","EURUSD","2023-06-12 01:02:38.024Z",1.07445,1.0745
"exness","EURUSD","2023-06-12 01:02:38.498Z",1.07445,1.07451
"exness","EURUSD","2023-06-12 01:02:43.020Z",1.07447,1.07454
"exness","EURUSD","2023-06-12 01:02:48.323Z",1.07445,1.07452
"exness","EURUSD","2023-06-12 01:02:48.335Z",1.07444,1.0745
"exness","EURUSD","2023-06-12 01:02:48.774Z",1.07442,1.07449
"exness","EURUSD","2023-06-12 01:02:48.929Z",1.07441,1.07447
"exness","EURUSD","2023-06-12 01:02:49.439Z",1.07441,1.07446
"exness","EURUSD","2023-06-12 01:02:49.724Z",1.07441,1.07447
"exness","EURUSD","2023-06-12 01:02:56.658Z",1.07441,1.07446
"exness","EURUSD","2023-06-12 01:03:15.526Z",1.07441,1.07447
"exness","EURUSD","2023-06-12 01:03:17.654Z",1.0744,1.07446
"exness","EURUSD","2023-06-12 01:03:17.663Z",1.0743800000000001,1.07444
"exness","EURUSD","2023-06-12 01:03:17.735Z",1.07436,1.07443
"exness","EURUSD","2023-06-12 01:03:17.774Z",1.07434,1.0744
"exness","EURUSD","2023-06-12 01:03:17.992Z",1.07434,1.07439
"exness","EURUSD","2023-06-12 01:03:29.051Z",1.07434,1.0744
"exness","EURUSD","2023-06-12 01:03:31.572Z",1.07436,1.07442
"exness","EURUSD","2023-06-12 01:03:34.900Z",1.0743800000000001,1.07444
"exness","EURUSD","2023-06-12 01:03:35.522Z",1.07436,1.07443
"exness","EURUSD","2023-06-12 01:04:12.513Z",1.0743800000000001,1.07444
"exness","EURUSD","2023-06-12 01:04:14.968Z",1.07437,1.07442
"exness","EURUSD","2023-06-12 01:04:20.534Z",1.07435,1.07441
"exness","EURUSD","2023-06-12 01:04:20.886Z",1.07433,1.07439
"exness","EURUSD","2023-06-12 01:04:21.823Z",1.07433,1.0743800000000001
"exness","EURUSD","2023-06-12 01:04:27.255Z",1.07433,1.07439
"exness","EURUSD","2023-06-12 01:04:30.560Z",1.07434,1.0744
"exness","EURUSD","2023-06-12 01:04:32.021Z",1.07433,1.07439
"exness","EURUSD","2023-06-12 01:04:41.906Z",1.07435,1.07441
"exness","EURUSD","2023-06-12 01:04:42.255Z",1.07436,1.07442
"exness","EURUSD","2023-06-12 01:04:43.255Z",1.07437,1.07442
"exness","EURUSD","2023-06-12 01:04:46.208Z",1.0743800000000001,1.07444
"exness","EURUSD","2023-06-12 01:04:46.310Z",1.0744,1.07446
"exness","EURUSD","2023-06-12 01:04:52.462Z",1.07441,1.07447
"exness","EURUSD","2023-06-12 01:05:00.546Z",1.0744,1.07445
"exness","EURUSD","2023-06-12 01:05:04.628Z",1.0744,1.07446
"exness","EURUSD","2023-06-12 01:05:04.750Z",1.07442,1.07448
"exness","EURUSD","2023-06-12 01:05:04.917Z",1.07443,1.0745
"exness","EURUSD","2023-06-12 01:05:13.346Z",1.07442,1.07448
"exness","EURUSD","2023-06-12 01:05:19.986Z",1.07443,1.07448
"exness","EURUSD","2023-06-12 01:05:29.035Z",1.07442,1.07447
"exness","EURUSD","2023-06-12 01:05:31.210Z",1.07441,1.07447
"exness","EURUSD","2023-06-12 01:05:31.900Z",1.07439,1.07446
"exness","EURUSD","2023-06-12 01:05:31.925Z",1.0743800000000001,1.07444
"exness","EURUSD","2023-06-12 01:05:34.385Z",1.0743800000000001,1.07443
"exness","EURUSD","2023-06-12 01:05:37.645Z",1.07436,1.07442
"exness","EURUSD","2023-06-12 01:06:02.743Z",1.0743800000000001,1.07444
"exness","EURUSD","2023-06-12 01:06:08.615Z",1.0744,1.07446
"exness","EURUSD","2023-06-12 01:06:10.552Z",1.07442,1.07448
"exness","EURUSD","2023-06-12 01:06:14.472Z",1.0744,1.07447
"exness","EURUSD","2023-06-12 01:06:17.048Z",1.07439,1.07446
"exness","EURUSD","2023-06-12 01:06:17.154Z",1.0743800000000001,1.07444
"exness","EURUSD","2023-06-12 01:06:18.079Z",1.0743800000000001,1.07443
"exness","EURUSD","2023-06-12 01:06:19.738Z",1.0743800000000001,1.07444
"exness","EURUSD","2023-06-12 01:06:22.826Z",1.07439,1.07444
"exness","EURUSD","2023-06-12 01:06:23.837Z",1.0744,1.07446
"exness","EURUSD","2023-06-12 01:06:24.515Z",1.07441,1.07448
"exness","EURUSD","2023-06-12 01:06:25.613Z",1.07443,1.07449
"exness","EURUSD","2023-06-12 01:06:45.474Z",1.07441,1.07447
"exness","EURUSD","2023-06-12 01:06:45.502Z",1.0744,1.07445
"exness","EURUSD","2023-06-12 01:06:45.554Z",1.0743800000000001,1.07445
"exness","EURUSD","2023-06-12 01:06:45.853Z",1.07437,1.07443
"exness","EURUSD","2023-06-12 01:06:51.849Z",1.07435,1.07441
"exness","EURUSD","2023-06-12 01:06:58.279Z",1.07436,1.07443
"exness","EURUSD","2023-06-12 01:07:00.966Z",1.0743800000000001,1.07444
"exness","EURUSD","2023-06-12 01:07:05.235Z",1.07437,1.07443
"exness","EURUSD","2023-06-12 01:07:08.757Z",1.07436,1.07441
"exness","EURUSD","2023-06-12 01:07:22.353Z",1.07435,1.07441
"exness","EURUSD","2023-06-12 01:07:33.334Z",1.07437,1.07443
"exness","EURUSD","2023-06-12 01:07:41.302Z",1.07437,1.07442
"exness","EURUSD","2023-06-12 01:07:45.303Z",1.07435,1.07442
"exness","EURUSD","2023-06-12 01:08:08.313Z",1.07434,1.0744
"exness","EURUSD","2023-06-12 01:08:09.355Z",1.07433,1.07439
"exness","EURUSD","2023-06-12 01:08:16.712Z",1.07432,1.07437
"exness","EURUSD","2023-06-12 01:08:18.883Z",1.07432,1.07439
"exness","EURUSD","2023-06-12 01:08:35.488Z",1.07432,1.07437
"exness","EURUSD","2023-06-12 01:08:44.096Z",1.07433,1.0744
"exness","EURUSD","2023-06-12 01:08:45.710Z",1.07435,1.07441
"exness","EURUSD","2023-06-12 01:08:48.685Z",1.07434,1.07439
"exness","EURUSD","2023-06-12 01:08:49.401Z",1.07432,1.07439
"exness","EURUSD","2023-06-12 01:08:52.952Z",1.07434,1.07439
"exness","EURUSD","2023-06-12 01:08:54.026Z",1.07432,1.0743800000000001
"exness","EURUSD","2023-06-12 01:09:02.616Z",1.07434,1.0744
"exness","EURUSD","2023-06-12 01:09:09.032Z",1.07433,1.0743800000000001
"exness","EURUSD","2023-06-12 01:09:27.828Z",1.07433,1.07439
"exness","EURUSD","2023-06-12 01:09:38.672Z",1.07433,1.0743800000000001
"exness","EURUSD","2023-06-12 01:09:41.232Z",1.07433,1.07439
"exness","EURUSD","2023-06-12 01:09:42.022Z",1.07431,1.0743800000000001
"exness","EURUSD","2023-06-12 01:10:05.140Z",1.07433,1.07439
"exness","EURUSD","2023-06-12 01:10:20.900Z",1.07432,1.07437
"exness","EURUSD","2023-06-12 01:10:23.504Z",1.0743,1.07436
"exness","EURUSD","2023-06-12 01:10:23.525Z",1.07428,1.07435
"exness","EURUSD","2023-06-12 01:10:23.625Z",1.07427,1.07433
"exness","EURUSD","2023-06-12 01:10:42.070Z",1.07426,1.07432
"exness","EURUSD","2023-06-12 01:11:14.517Z",1.07427,1.07433
"exness","EURUSD","2023-06-12 01:11:14.533Z",1.07428,1.07435
"exness","EURUSD","2023-06-12 01:11:14.550Z",1.0743,1.07436
"exness","EURUSD","2023-06-12 01:11:14.558Z",1.07432,1.0743800000000001
"exness","EURUSD","2023-06-12 01:11:14.568Z",1.07433,1.0744
"exness","EURUSD","2023-06-12 01:11:14.601Z",1.07435,1.07441
"exness","EURUSD","2023-06-12 01:11:14.618Z",1.07434,1.07439
"exness","EURUSD","2023-06-12 01:11:14.741Z",1.07435,1.07441
"exness","EURUSD","2023-06-12 01:11:17.027Z",1.07436,1.07442
"exness","EURUSD","2023-06-12 01:11:48.980Z",1.07437,1.07444
"exness","EURUSD","2023-06-12 01:11:58.031Z",1.07439,1.07445
"exness","EURUSD","2023-06-12 01:12:01.519Z",1.0743800000000001,1.07444
"exness","EURUSD","2023-06-12 01:12:01.526Z",1.07436,1.07442
"exness","EURUSD","2023-06-12 01:12:22.733Z",1.07434,1.0744
"exness","EURUSD","2023-06-12 01:12:22.824Z",1.07433,1.07439
"exness","EURUSD","2023-06-12 01:12:23.896Z",1.07435,1.07441
"exness","EURUSD","2023-06-12 01:12:38.797Z",1.07434,1.0744
"exness","EURUSD","2023-06-12 01:12:40.330Z",1.07433,1.07439
"exness","EURUSD","2023-06-12 01:12:42.981Z",1.07431,1.0743800000000001
"exness","EURUSD","2023-06-12 01:12:46.572Z",1.0743,1.07436
"exness","EURUSD","2023-06-12 01:12:48.263Z",1.07428,1.07434
"exness","EURUSD","2023-06-12 01:13:07.443Z",1.07427,1.07433
"exness","EURUSD","2023-06-12 01:13:08.801Z",1.07429,1.07435
"exness","EURUSD","2023-06-12 01:13:13.286Z",1.07431,1.07436
"exness","EURUSD","2023-06-12 01:13:19.422Z",1.07431,1.07437
"exness","EURUSD","2023-06-12 01:13:21.088Z",1.07434,1.07439
"exness","EURUSD","2023-06-12 01:13:21.093Z",1.07434,1.07441
"exness","EURUSD","2023-06-12 01:13:24.915Z",1.07433,1.07439
"exness","EURUSD","2023-06-12 01:13:33.033Z",1.07433,1.0743800000000001
"exness","EURUSD","2023-06-12 01:13:35.489Z",1.07431,1.0743800000000001
"exness","EURUSD","2023-06-12 01:13:35.945Z",1.07433,1.07439
"exness","EURUSD","2023-06-12 01:13:47.428Z",1.07432,1.07437
"exness","EURUSD","2023-06-12 01:14:02.344Z",1.07432,1.0743800000000001
"exness","EURUSD","2023-06-12 01:14:14.977Z",1.07433,1.0743800000000001
"exness","EURUSD","2023-06-12 01:14:15.597Z",1.07434,1.0744
"exness","EURUSD","2023-06-12 01:14:15.621Z",1.07435,1.07442
"exness","EURUSD","2023-06-12 01:14:19.362Z",1.0743800000000001,1.07444
"exness","EURUSD","2023-06-12 01:14:22.664Z",1.07437,1.07443
"exness","EURUSD","2023-06-12 01:14:23.550Z",1.07435,1.07441
"exness","EURUSD","2023-06-12 01:14:30.512Z",1.07436,1.07443
"exness","EURUSD","2023-06-12 01:14:35.546Z",1.07435,1.07441
"exness","EURUSD","2023-06-12 01:14:35.634Z",1.07433,1.07439
"exness","EURUSD","2023-06-12 01:14:38.426Z",1.07433,1.0743800000000001
"exness","EURUSD","2023-06-12 01:14:44.653Z",1.07432,1.0743800000000001
"exness","EURUSD","2023-06-12 01:14:50.559Z",1.07434,1.0744
"exness","EURUSD","2023-06-12 01:14:54.658Z",1.07435,1.07441
"exness","EURUSD","2023-06-12 01:15:05.318Z",1.07434,1.0744
"exness","EURUSD","2023-06-12 01:15:05.742Z",1.07436,1.07441
"exness","EURUSD","2023-06-12 01:15:09.162Z",1.07434,1.0744
"exness","EURUSD","2023-06-12 01:15:11.325Z",1.07433,1.07439
"exness","EURUSD","2023-06-12 01:15:18.127Z",1.07432,1.0743800000000001
"exness","EURUSD","2023-06-12 01:15:27.506Z",1.07433,1.0743800000000001
"exness","EURUSD","2023-06-12 01:15:29.128Z",1.07431,1.07437
"exness","EURUSD","2023-06-12 01:15:29.207Z",1.07429,1.07435
"exness","EURUSD","2023-06-12 01:15:29.302Z",1.07428,1.07434
"exness","EURUSD","2023-06-12 01:15:30.288Z",1.07428,1.07433
"exness","EURUSD","2023-06-12 01:15:35.514Z",1.07426,1.07433
"exness","EURUSD","2023-06-12 01:16:05.641Z",1.07428,1.07434
"exness","EURUSD","2023-06-12 01:16:20.648Z",1.07427,1.07433
"exness","EURUSD","2023-06-12 01:16:38.460Z",1.07427,1.07432
"exness","EURUSD","2023-06-12 01:16:40.998Z",1.07425,1.07431
"exness","EURUSD","2023-06-12 01:16:41.215Z",1.07423,1.0743
"exness","EURUSD","2023-06-12 01:16:42.399Z",1.07422,1.07429
"exness","EURUSD","2023-06-12 01:16:42.956Z",1.07424,1.07429
"exness","EURUSD","2023-06-12 01:16:45.960Z",1.07424,1.0743
"exness","EURUSD","2023-06-12 01:16:46.025Z",1.07426,1.07432
"exness","EURUSD","2023-06-12 01:16:50.976Z",1.07427,1.07432
"exness","EURUSD","2023-06-12 01:16:55.691Z",1.07428,1.07435
"exness","EURUSD","2023-06-12 01:16:55.753Z",1.0743,1.07436
"exness","EURUSD","2023-06-12 01:17:00.166Z",1.07432,1.07439
"exness","EURUSD","2023-06-12 01:17:06.896Z",1.07433,1.0744
"exness","EURUSD","2023-06-12 01:17:08.802Z",1.07435,1.07441
"exness","EURUSD","2023-06-12 01:17:10.072Z",1.07434,1.0744
"exness","EURUSD","2023-06-12 01:17:20.095Z",1.07435,1.0744
"exness","EURUSD","2023-06-12 01:17:20.164Z",1.07436,1.07442
"exness","EURUSD","2023-06-12 01:17:36.442Z",1.07437,1.07443
"exness","EURUSD","2023-06-12 01:17:37.823Z",1.0743800000000001,1.07444
"exness","EURUSD","2023-06-12 01:17:47.743Z",1.0744,1.07446
"exness","EURUSD","2023-06-12 01:17:48.972Z",1.07441,1.07448
"exness","EURUSD","2023-06-12 01:17:52.831Z",1.0744,1.07445
"exness","EURUSD","2023-06-12 01:18:00.971Z",1.0743800000000001,1.07444
"exness","EURUSD","2023-06-12 01:18:10.785Z",1.07441,1.07446
"exness","EURUSD","2023-06-12 01:18:12.830Z",1.07441,1.07447
"exness","EURUSD","2023-06-12 01:18:12.854Z",1.07443,1.07449
"exness","EURUSD","2023-06-12 01:18:14.415Z",1.07443,1.07448
"exness","EURUSD","2023-06-12 01:18:17.071Z",1.07441,1.07448
"exness","EURUSD","2023-06-12 01:18:22.648Z",1.07443,1.07449
"exness","EURUSD","2023-06-12 01:18:23.094Z",1.07445,1.0745
"exness","EURUSD","2023-06-12 01:18:35.583Z",1.07445,1.07451
"exness","EURUSD","2023-06-12 01:18:36.805Z",1.07446,1.07452
"exness","EURUSD","2023-06-12 01:18:51.075Z",1.07444,1.07451
"exness","EURUSD","2023-06-12 01:19:03.018Z",1.07446,1.07452
"exness","EURUSD","2023-06-12 01:19:07.813Z",1.07447,1.07454
"exness","EURUSD","2023-06-12 01:19:08.982Z",1.07448,1.07455
"exness","EURUSD","2023-06-12 01:19:09.112Z",1.0745,1.07455
"exness","EURUSD","2023-06-12 01:19:09.302Z",1.0745,1.07456
"exness","EURUSD","2023-06-12 01:19:10.254Z",1.07452,1.07457
"exness","EURUSD","2023-06-12 01:19:17.394Z",1.0745,1.07456
"exness","EURUSD","2023-06-12 01:19:17.462Z",1.07448,1.07455
"exness","EURUSD","2023-06-12 01:19:18.898Z",1.07448,1.07453
"exness","EURUSD","2023-06-12 01:19:25.713Z",1.07447,1.07453
"exness","EURUSD","2023-06-12 01:19:35.749Z",1.07446,1.07452
"exness","EURUSD","2023-06-12 01:19:39.187Z",1.07447,1.07452
"exness","EURUSD","2023-06-12 01:19:45.117Z",1.07445,1.07451
"exness","EURUSD","2023-06-12 01:19:45.390Z",1.07447,1.07452
"exness","EURUSD","2023-06-12 01:20:02.206Z",1.07448,1.07454
"exness","EURUSD","2023-06-12 01:20:02.244Z",1.0745,1.07456
"exness","EURUSD","2023-06-12 01:20:02.303Z",1.07451,1.07458
"exness","EURUSD","2023-06-12 01:20:10.464Z",1.07452,1.07459
"exness","EURUSD","2023-06-12 01:20:10.744Z",1.07452,1.07457
"exness","EURUSD","2023-06-12 01:20:11.273Z",1.07453,1.07459
"exness","EURUSD","2023-06-12 01:20:11.628Z",1.07454,1.07459
"exness","EURUSD","2023-06-12 01:20:11.677Z",1.07454,1.07461
"exness","EURUSD","2023-06-12 01:20:11.863Z",1.07456,1.07462
"exness","EURUSD","2023-06-12 01:20:11.993Z",1.07457,1.07464
"exness","EURUSD","2023-06-12 01:20:17.731Z",1.07456,1.07462
"exness","EURUSD","2023-06-12 01:20:17.746Z",1.07454,1.07461
"exness","EURUSD","2023-06-12 01:20:17.825Z",1.07453,1.07459
"exness","EURUSD","2023-06-12 01:20:20.596Z",1.07452,1.07458
"exness","EURUSD","2023-06-12 01:20:28.904Z",1.07451,1.07456
"exness","EURUSD","2023-06-12 01:20:31.506Z",1.0745,1.07456
"exness","EURUSD","2023-06-12 01:20:38.172Z",1.07451,1.07458
"exness","EURUSD","2023-06-12 01:20:39.905Z",1.07451,1.07456
"exness","EURUSD","2023-06-12 01:20:45.031Z",1.07451,1.07457
"exness","EURUSD","2023-06-12 01:20:47.084Z",1.0745,1.07456
"exness","EURUSD","2023-06-12 01:20:47.229Z",1.07448,1.07454
"exness","EURUSD","2023-06-12 01:20:55.618Z",1.07447,1.07453
"exness","EURUSD","2023-06-12 01:21:05.633Z",1.07447,1.07452
"exness","EURUSD","2023-06-12 01:21:09.005Z",1.07447,1.07453
"exness","EURUSD","2023-06-12 01:21:12.439Z",1.07445,1.07451
"exness","EURUSD","2023-06-12 01:21:19.027Z",1.07444,1.0745
"exness","EURUSD","2023-06-12 01:21:25.085Z",1.07445,1.07451
"exness","EURUSD","2023-06-12 01:21:30.293Z",1.07444,1.0745
"exness","EURUSD","2023-06-12 01:21:37.822Z",1.07445,1.07451
"exness","EURUSD","2023-06-12 01:21:38.824Z",1.07446,1.07452
"exness","EURUSD","2023-06-12 01:21:43.550Z",1.07445,1.07451
"exness","EURUSD","2023-06-12 01:21:47.950Z",1.07444,1.0745
"exness","EURUSD","2023-06-12 01:21:50.037Z",1.07443,1.07448
"exness","EURUSD","2023-06-12 01:21:50.048Z",1.07442,1.07448
"exness","EURUSD","2023-06-12 01:21:50.092Z",1.0744,1.07447
"exness","EURUSD","2023-06-12 01:21:50.664Z",1.0744,1.07445
"exness","EURUSD","2023-06-12 01:21:56.637Z",1.0743800000000001,1.07444
"exness","EURUSD","2023-06-12 01:21:56.644Z",1.07436,1.07442
"exness","EURUSD","2023-06-12 01:21:56.722Z",1.07435,1.07441
"exness","EURUSD","2023-06-12 01:22:00.248Z",1.07434,1.07439
"exness","EURUSD","2023-06-12 01:22:00.303Z",1.07433,1.07439
"exness","EURUSD","2023-06-12 01:22:00.374Z",1.07432,1.07437
"exness","EURUSD","2023-06-12 01:22:02.163Z",1.07431,1.07436
"exness","EURUSD","2023-06-12 01:22:09.326Z",1.07431,1.07437
"exness","EURUSD","2023-06-12 01:22:10.849Z",1.07428,1.07435
"exness","EURUSD","2023-06-12 01:22:11.241Z",1.07428,1.07433
"exness","EURUSD","2023-06-12 01:22:26.729Z",1.07426,1.07432
"exness","EURUSD","2023-06-12 01:22:27.810Z",1.07425,1.07431
"exness","EURUSD","2023-06-12 01:22:29.826Z",1.07426,1.07431
"exness","EURUSD","2023-06-12 01:22:30.464Z",1.07424,1.07431
"exness","EURUSD","2023-06-12 01:22:31.960Z",1.07423,1.0743
"exness","EURUSD","2023-06-12 01:22:34.295Z",1.07422,1.07429
"exness","EURUSD","2023-06-12 01:22:40.836Z",1.07424,1.0743
"exness","EURUSD","2023-06-12 01:22:40.865Z",1.07425,1.07431
"exness","EURUSD","2023-06-12 01:22:43.631Z",1.07427,1.07432
"exness","EURUSD","2023-06-12 01:22:46.624Z",1.07425,1.07431
"exness","EURUSD","2023-06-12 01:22:46.716Z",1.07423,1.07429
"exness","EURUSD","2023-06-12 01:22:50.940Z",1.07424,1.0743
"exness","EURUSD","2023-06-12 01:22:51.383Z",1.07426,1.07432
"exness","EURUSD","2023-06-12 01:22:53.817Z",1.07427,1.07432
"exness","EURUSD","2023-06-12 01:22:54.055Z",1.07427,1.07433
"exness","EURUSD","2023-06-12 01:23:00.053Z",1.07428,1.07435
"exness","EURUSD","2023-06-12 01:23:00.116Z",1.0743,1.07435
"exness","EURUSD","2023-06-12 01:23:01.124Z",1.0743,1.07437
"exness","EURUSD","2023-06-12 01:23:04.937Z",1.07432,1.0743800000000001
"exness","EURUSD","2023-06-12 01:23:36.194Z",1.07434,1.07439
"exness","EURUSD","2023-06-12 01:23:36.213Z",1.07434,1.07441
"exness","EURUSD","2023-06-12 01:23:36.242Z",1.07436,1.07442
"exness","EURUSD","2023-06-12 01:23:36.272Z",1.07437,1.07444
"exness","EURUSD","2023-06-12 01:23:44.523Z",1.07435,1.07441
"exness","EURUSD","2023-06-12 01:23:44.611Z",1.07434,1.0744
"exness","EURUSD","2023-06-12 01:24:05.809Z",1.07435,1.07441
"exness","EURUSD","2023-06-12 01:24:08.852Z",1.07437,1.07442
"exness","EURUSD","2023-06-12 01:24:13.483Z",1.07437,1.07443
"exness","EURUSD","2023-06-12 01:24:41.213Z",1.07436,1.07442
"exness","EURUSD","2023-06-12 01:24:41.286Z",1.07434,1.0744
"exness","EURUSD","2023-06-12 01:24:42.018Z",1.07434,1.07439
"exness","EURUSD","2023-06-12 01:24:50.921Z",1.07434,1.07441
"exness","EURUSD","2023-06-12 01:24:50.937Z",1.07436,1.07442
"exness","EURUSD","2023-06-12 01:24:53.593Z",1.07437,1.07442
"exness","EURUSD","2023-06-12 01:24:56.018Z",1.0743800000000001,1.07444
"exness","EURUSD","2023-06-12 01:25:00.192Z",1.07439,1.07445
"exness","EURUSD","2023-06-12 01:25:00.747Z",1.0744,1.07445
"exness","EURUSD","2023-06-12 01:25:00.790Z",1.07439,1.07445
"exness","EURUSD","2023-06-12 01:25:12.344Z",1.07437,1.07444
"exness","EURUSD","2023-06-12 01:25:13.599Z",1.07436,1.07442
"exness","EURUSD","2023-06-12 01:25:19.442Z",1.07437,1.07443
"exness","EURUSD","2023-06-12 01:25:40.268Z",1.07435,1.07441
"exness","EURUSD","2023-06-12 01:25:51.806Z",1.07433,1.0744
"exness","EURUSD","2023-06-12 01:25:51.817Z",1.07432,1.0743800000000001
"exness","EURUSD","2023-06-12 01:26:28.838Z",1.0743,1.07437
"exness","EURUSD","2023-06-12 01:26:28.906Z",1.07429,1.07435
"exness","EURUSD","2023-06-12 01:26:33.492Z",1.07431,1.0743800000000001
"exness","EURUSD","2023-06-12 01:26:34.308Z",1.07433,1.0743800000000001
"exness","EURUSD","2023-06-12 01:26:50.782Z",1.07434,1.0744
"exness","EURUSD","2023-06-12 01:26:54.376Z",1.07435,1.07442
"exness","EURUSD","2023-06-12 01:27:07.953Z",1.07437,1.07443
"exness","EURUSD","2023-06-12 01:27:20.230Z",1.07439,1.07444
"exness","EURUSD","2023-06-12 01:27:20.846Z",1.0743800000000001,1.07444
"exness","EURUSD","2023-06-12 01:27:23.487Z",1.07437,1.07442
"exness","EURUSD","2023-06-12 01:27:23.524Z",1.0743800000000001,1.07444
"exness","EURUSD","2023-06-12 01:27:33.193Z",1.07439,1.07444
"exness","EURUSD","2023-06-12 01:27:34.798Z",1.0744,1.07446
"exness","EURUSD","2023-06-12 01:27:36.155Z",1.0743800000000001,1.07445
"exness","EURUSD","2023-06-12 01:27:36.787Z",1.0743800000000001,1.07443
"exness","EURUSD","2023-06-12 01:27:45.404Z",1.0743800000000001,1.07444
"exness","EURUSD","2023-06-12 01:27:56.238Z",1.07439,1.07445
"exness","EURUSD","2023-06-12 01:28:01.964Z",1.07437,1.07444
"exness","EURUSD","2023-06-12 01:28:01.981Z",1.07436,1.07442
"exness","EURUSD","2023-06-12 01:28:02.268Z",1.07435,1.0744
"exness","EURUSD","2023-06-12 01:28:24.924Z",1.07436,1.07442
"exness","EURUSD","2023-06-12 01:28:25.576Z",1.07437,1.07442
"exness","EURUSD","2023-06-12 01:28:34.283Z",1.07437,1.07443
"exness","EURUSD","2023-06-12 01:28:54.516Z",1.07435,1.07441
"exness","EURUSD","2023-06-12 01:28:54.531Z",1.07434,1.0744
"exness","EURUSD","2023-06-12 01:28:54.539Z",1.07432,1.0743800000000001
"exness","EURUSD","2023-06-12 01:28:54.630Z",1.0743,1.07437
"exness","EURUSD","2023-06-12 01:28:57.306Z",1.07431,1.0743800000000001
"exness","EURUSD","2023-06-12 01:29:15.209Z",1.0743,1.07436
"exness","EURUSD","2023-06-12 01:29:18.994Z",1.07428,1.07435
"exness","EURUSD","2023-06-12 01:29:19.066Z",1.07427,1.07433
"exness","EURUSD","2023-06-12 01:29:19.439Z",1.07427,1.07432
"exness","EURUSD","2023-06-12 01:29:30.642Z",1.07427,1.07433
"exness","EURUSD","2023-06-12 01:29:34.709Z",1.07429,1.07435
"exness","EURUSD","2023-06-12 01:29:38.288Z",1.0743,1.07437
"exness","EURUSD","2023-06-12 01:29:41.903Z",1.07429,1.07435
"exness","EURUSD","2023-06-12 01:29:42.144Z",1.07428,1.07434
"exness","EURUSD","2023-06-12 01:29:43.614Z",1.07427,1.07433
"exness","EURUSD","2023-06-12 01:29:47.774Z",1.07425,1.07431
"exness","EURUSD","2023-06-12 01:29:50.757Z",1.07423,1.0743
"exness","EURUSD","2023-06-12 01:29:59.608Z",1.07423,1.07428
"exness","EURUSD","2023-06-12 01:29:59.633Z",1.07422,1.07428
"exness","EURUSD","2023-06-12 01:30:00.650Z",1.07422,1.07427
"exness","EURUSD","2023-06-12 01:30:01.726Z",1.0742099999999999,1.07427
"exness","EURUSD","2023-06-12 01:30:04.086Z",1.07422,1.07427
"exness","EURUSD","2023-06-12 01:30:05.830Z",1.07423,1.07429
"exness","EURUSD","2023-06-12 01:30:09.580Z",1.07423,1.07428
"exness","EURUSD","2023-06-12 01:30:10.989Z",1.07423,1.0743
"exness","EURUSD","2023-06-12 01:30:13.218Z",1.07423,1.07428
"exness","EURUSD","2023-06-12 01:30:20.199Z",1.0742,1.07427
"exness","EURUSD","2023-06-12 01:30:30.160Z",1.07422,1.07427
"exness","EURUSD","2023-06-12 01:30:34.201Z",1.07423,1.07429
"exness","EURUSD","2023-06-12 01:30:39.953Z",1.07424,1.07429
"exness","EURUSD","2023-06-12 01:30:43.466Z",1.07424,1.0743
"exness","EURUSD","2023-06-12 01:30:43.800Z",1.07426,1.07432
"exness","EURUSD","2023-06-12 01:30:44.248Z",1.07427,1.07432
"exness","EURUSD","2023-06-12 01:30:45.065Z",1.07425,1.07432
"exness","EURUSD","2023-06-12 01:30:50.146Z",1.07425,1.0743
"exness","EURUSD","2023-06-12 01:30:55.009Z",1.07423,1.0743
"exness","EURUSD","2023-06-12 01:30:57.190Z",1.07423,1.07428
"exness","EURUSD","2023-06-12 01:30:59.327Z",1.07424,1.0743
"exness","EURUSD","2023-06-12 01:30:59.971Z",1.07425,1.07431
"exness","EURUSD","2023-06-12 01:31:00.666Z",1.07427,1.07432
"exness","EURUSD","2023-06-12 01:31:05.159Z",1.07424,1.0743
"exness","EURUSD","2023-06-12 01:31:26.547Z",1.07426,1.07431
"exness","EURUSD","2023-06-12 01:31:31.900Z",1.07426,1.07433
"exness","EURUSD","2023-06-12 01:31:35.217Z",1.07426,1.07431
"exness","EURUSD","2023-06-12 01:31:40.041Z",1.07426,1.07433
"exness","EURUSD","2023-06-12 01:31:42.186Z",1.07428,1.07434
"exness","EURUSD","2023-06-12 01:31:43.313Z",1.0743,1.07436
"exness","EURUSD","2023-06-12 01:31:44.317Z",1.07431,1.07437
"exness","EURUSD","2023-06-12 01:31:45.100Z",1.07432,1.07437
"exness","EURUSD","2023-06-12 01:31:59.886Z",1.0743,1.07436
"exness","EURUSD","2023-06-12 01:32:03.256Z",1.07429,1.07435
"exness","EURUSD","2023-06-12 01:32:05.389Z",1.07427,1.07434
"exness","EURUSD","2023-06-12 01:32:06.337Z",1.07427,1.07432
"exness","EURUSD","2023-06-12 01:32:12.673Z",1.07425,1.07431
"exness","EURUSD","2023-06-12 01:32:30.992Z",1.07423,1.0743
"exness","EURUSD","2023-06-12 01:32:40.318Z",1.07424,1.07429
"exness","EURUSD","2023-06-12 01:32:40.912Z",1.07422,1.07428
"exness","EURUSD","2023-06-12 01:32:40.930Z",1.0742,1.07427
"exness","EURUSD","2023-06-12 01:32:44.239Z",1.07422,1.07429
"exness","EURUSD","2023-06-12 01:32:52.210Z",1.07424,1.07429
"exness","EURUSD","2023-06-12 01:32:56.806Z",1.07422,1.07428
"exness","EURUSD","2023-06-12 01:32:59.032Z",1.07424,1.07429
"exness","EURUSD","2023-06-12 01:33:04.118Z",1.07424,1.0743
"exness","EURUSD","2023-06-12 01:33:04.733Z",1.07426,1.07432
"exness","EURUSD","2023-06-12 01:33:05.186Z",1.07427,1.07432
"exness","EURUSD","2023-06-12 01:33:11.273Z",1.07428,1.07435
"exness","EURUSD","2023-06-12 01:33:11.638Z",1.0743,1.07436
"exness","EURUSD","2023-06-12 01:33:12.914Z",1.07431,1.0743800000000001
"exness","EURUSD","2023-06-12 01:33:13.792Z",1.07433,1.0743800000000001
"exness","EURUSD","2023-06-12 01:33:17.305Z",1.07431,1.07437
"exness","EURUSD","2023-06-12 01:33:22.406Z",1.07432,1.07439
"exness","EURUSD","2023-06-12 01:33:22.714Z",1.07434,1.07439
"exness","EURUSD","2023-06-12 01:33:25.426Z",1.07434,1.07441
"exness","EURUSD","2023-06-12 01:33:25.514Z",1.07436,1.07442
"exness","EURUSD","2023-06-12 01:33:25.747Z",1.0743800000000001,1.07443
"exness","EURUSD","2023-06-12 01:33:29.717Z",1.07439,1.07445
"exness","EURUSD","2023-06-12 01:33:33.001Z",1.0743800000000001,1.07444
"exness","EURUSD","2023-06-12 01:33:39.990Z",1.07439,1.07445
"exness","EURUSD","2023-06-12 01:33:40.923Z",1.0744,1.07446
"exness","EURUSD","2023-06-12 01:33:43.139Z",1.07441,1.07448
"exness","EURUSD","2023-06-12 01:33:52.611Z",1.0744,1.07446
"exness","EURUSD","2023-06-12 01:33:54.409Z",1.07439,1.07445
"exness","EURUSD","2023-06-12 01:33:55.086Z",1.0743800000000001,1.07444
"exness","EURUSD","2023-06-12 01:33:56.133Z",1.07436,1.07443
"exness","EURUSD","2023-06-12 01:33:59.423Z",1.07435,1.07441
"exness","EURUSD","2023-06-12 01:33:59.581Z",1.07434,1.0744
"exness","EURUSD","2023-06-12 01:34:00.241Z",1.07433,1.0743800000000001
"exness","EURUSD","2023-06-12 01:34:00.777Z",1.07432,1.0743800000000001
"exness","EURUSD","2023-06-12 01:34:14.193Z",1.07434,1.0744
"exness","EURUSD","2023-06-12 01:34:16.194Z",1.07435,1.07442
"exness","EURUSD","2023-06-12 01:34:20.451Z",1.07433,1.07439
"exness","EURUSD","2023-06-12 01:34:21.349Z",1.07433,1.0743800000000001
"exness","EURUSD","2023-06-12 01:34:21.475Z",1.07431,1.07437
"exness","EURUSD","2023-06-12 01:34:22.601Z",1.0743,1.07436
"exness","EURUSD","2023-06-12 01:34:30.011Z",1.07428,1.07434
"exness","EURUSD","2023-06-12 01:34:30.088Z",1.07427,1.07432
"exness","EURUSD","2023-06-12 01:34:33.740Z",1.07427,1.07434
"exness","EURUSD","2023-06-12 01:34:50.926Z",1.07427,1.07432
"exness","EURUSD","2023-06-12 01:34:58.571Z",1.07427,1.07433
"exness","EURUSD","2023-06-12 01:35:05.770Z",1.07429,1.07435
"exness","EURUSD","2023-06-12 01:35:06.190Z",1.0743,1.07437
"exness","EURUSD","2023-06-12 01:35:06.565Z",1.07432,1.07437
"exness","EURUSD","2023-06-12 01:35:10.532Z",1.07432,1.0743800000000001
"exness","EURUSD","2023-06-12 01:35:17.800Z",1.07434,1.0744
"exness","EURUSD","2023-06-12 01:35:18.030Z",1.07436,1.07441
"exness","EURUSD","2023-06-12 01:35:25.560Z",1.07435,1.07442
"exness","EURUSD","2023-06-12 01:35:32.119Z",1.07437,1.07443
"exness","EURUSD","2023-06-12 01:35:41.554Z",1.07436,1.07441
"exness","EURUSD","2023-06-12 01:35:44.231Z",1.07435,1.07441
"exness","EURUSD","2023-06-12 01:35:44.256Z",1.07433,1.07439
"exness","EURUSD","2023-06-12 01:35:48.275Z",1.07433,1.0743800000000001
"exness","EURUSD","2023-06-12 01:36:03.775Z",1.07434,1.0744
"exness","EURUSD","2023-06-12 01:36:05.753Z",1.07436,1.07442
"exness","EURUSD","2023-06-12 01:36:13.003Z",1.07437,1.07442
"exness","EURUSD","2023-06-12 01:36:13.025Z",1.07435,1.07442
"exness","EURUSD","2023-06-12 01:36:15.838Z",1.07435,1.0744
"exness","EURUSD","2023-06-12 01:36:21.793Z",1.07433,1.07439
"exness","EURUSD","2023-06-12 01:36:22.890Z",1.07432,1.0743800000000001
"exness","EURUSD","2023-06-12 01:36:29.917Z",1.07431,1.07437
"exness","EURUSD","2023-06-12 01:36:29.950Z",1.07429,1.07435
"exness","EURUSD","2023-06-12 01:36:31.336Z",1.07432,1.0743800000000001
"exness","EURUSD","2023-06-12 01:36:32.435Z",1.07433,1.0743800000000001
"exness","EURUSD","2023-06-12 01:36:43.296Z",1.07431,1.07437
"exness","EURUSD","2023-06-12 01:36:47.355Z",1.0743,1.07436
"exness","EURUSD","2023-06-12 01:36:47.398Z",1.07428,1.07434
"exness","EURUSD","2023-06-12 01:36:47.747Z",1.07428,1.07433
"exness","EURUSD","2023-06-12 01:36:52.320Z",1.07425,1.07431
"exness","EURUSD","2023-06-12 01:36:58.953Z",1.07425,1.0743
"exness","EURUSD","2023-06-12 01:36:59.071Z",1.07424,1.0743
"exness","EURUSD","2023-06-12 01:37:02.561Z",1.07424,1.07429
"exness","EURUSD","2023-06-12 01:37:09.028Z",1.0742099999999999,1.07428
"exness","EURUSD","2023-06-12 01:37:10.062Z",1.0742099999999999,1.07426
"exness","EURUSD","2023-06-12 01:37:11.537Z",1.0742099999999999,1.07427
"exness","EURUSD","2023-06-12 01:37:14.220Z",1.07422,1.07428
"exness","EURUSD","2023-06-12 01:37:14.399Z",1.07424,1.0743
"exness","EURUSD","2023-06-12 01:37:16.804Z",1.07425,1.0743
"exness","EURUSD","2023-06-12 01:37:21.865Z",1.07423,1.0743
"exness","EURUSD","2023-06-12 01:37:24.752Z",1.07425,1.0743
"exness","EURUSD","2023-06-12 01:37:32.108Z",1.07425,1.07431
"exness","EURUSD","2023-06-12 01:37:33.138Z",1.07423,1.07429
"exness","EURUSD","2023-06-12 01:37:34.506Z",1.07424,1.07431
"exness","EURUSD","2023-06-12 01:37:37.713Z",1.07427,1.07432
"exness","EURUSD","2023-06-12 01:37:38.007Z",1.07427,1.07433
"exness","EURUSD","2023-06-12 01:38:05.404Z",1.07425,1.07431
"exness","EURUSD","2023-06-12 01:38:08.443Z",1.07426,1.07432
"exness","EURUSD","2023-06-12 01:38:12.733Z",1.07425,1.07431
"exness","EURUSD","2023-06-12 01:38:13.526Z",1.07424,1.07429
"exness","EURUSD","2023-06-12 01:38:13.805Z",1.07423,1.07428
"exness","EURUSD","2023-06-12 01:38:15.408Z",1.07424,1.0743
"exness","EURUSD","2023-06-12 01:38:16.329Z",1.07423,1.07428
"exness","EURUSD","2023-06-12 01:38:18.579Z",1.07422,1.07428
"exness","EURUSD","2023-06-12 01:38:31.735Z",1.07424,1.0743
"exness","EURUSD","2023-06-12 01:38:32.919Z",1.07425,1.07431
"exness","EURUSD","2023-06-12 01:38:33.351Z",1.07424,1.0743
"exness","EURUSD","2023-06-12 01:38:34.762Z",1.07423,1.07429
"exness","EURUSD","2023-06-12 01:38:35.359Z",1.07423,1.07428
"exness","EURUSD","2023-06-12 01:38:36.703Z",1.0742099999999999,1.07428
"exness","EURUSD","2023-06-12 01:38:52.494Z",1.07419,1.07426
"exness","EURUSD","2023-06-12 01:38:54.139Z",1.0742099999999999,1.07426
"exness","EURUSD","2023-06-12 01:38:57.747Z",1.0742,1.07426
"exness","EURUSD","2023-06-12 01:39:03.371Z",1.07419,1.07425
"exness","EURUSD","2023-06-12 01:39:21.773Z",1.07419,1.07424
"exness","EURUSD","2023-06-12 01:39:39.442Z",1.0742,1.07426
"exness","EURUSD","2023-06-12 01:39:47.451Z",1.07418,1.07425
"exness","EURUSD","2023-06-12 01:39:57.520Z",1.0742,1.07426
"exness","EURUSD","2023-06-12 01:39:58.603Z",1.07419,1.07425
"exness","EURUSD","2023-06-12 01:40:01.257Z",1.07417,1.07423
"exness","EURUSD","2023-06-12 01:40:03.613Z",1.07418,1.07425
"exness","EURUSD","2023-06-12 01:40:04.742Z",1.0742,1.07426
"exness","EURUSD","2023-06-12 01:40:07.207Z",1.0742099999999999,1.07426
"exness","EURUSD","2023-06-12 01:40:11.569Z",1.07422,1.07428
"exness","EURUSD","2023-06-12 01:40:11.814Z",1.0742099999999999,1.07426
"exness","EURUSD","2023-06-12 01:40:12.225Z",1.0742,1.07426
"exness","EURUSD","2023-06-12 01:40:12.885Z",1.07419,1.07424
"exness","EURUSD","2023-06-12 01:40:18.024Z",1.0742,1.07426
"exness","EURUSD","2023-06-12 01:40:21.761Z",1.0742099999999999,1.07427
"exness","EURUSD","2023-06-12 01:40:22.543Z",1.07422,1.07427
"exness","EURUSD","2023-06-12 01:40:28.119Z",1.07422,1.07428
"exness","EURUSD","2023-06-12 01:40:34.165Z",1.07424,1.07431
"exness","EURUSD","2023-06-12 01:40:36.386Z",1.07426,1.07431
"exness","EURUSD","2023-06-12 01:40:40.257Z",1.07427,1.07433
"exness","EURUSD","2023-06-12 01:40:54.151Z",1.07425,1.07431
"exness","EURUSD","2023-06-12 01:40:56.191Z",1.07424,1.0743
"exness","EURUSD","2023-06-12 01:40:59.210Z",1.07425,1.07431
"exness","EURUSD","2023-06-12 01:41:07.625Z",1.07424,1.07429
"exness","EURUSD","2023-06-12 01:41:11.309Z",1.07424,1.07431
"exness","EURUSD","2023-06-12 01:41:17.145Z",1.07423,1.07429
"exness","EURUSD","2023-06-12 01:41:33.988Z",1.07422,1.07428
"exness","EURUSD","2023-06-12 01:41:34.012Z",1.0742,1.07427
"exness","EURUSD","2023-06-12 01:41:43.627Z",1.0742099999999999,1.07428
"exness","EURUSD","2023-06-12 01:41:44.648Z",1.0742,1.07426
"exness","EURUSD","2023-06-12 01:41:54.800Z",1.0742099999999999,1.07427
"exness","EURUSD","2023-06-12 01:41:54.902Z",1.07423,1.07429
"exness","EURUSD","2023-06-12 01:41:58.842Z",1.0742,1.07426
"exness","EURUSD","2023-06-12 01:41:59.685Z",1.07422,1.07427
"exness","EURUSD","2023-06-12 01:42:00.001Z",1.07423,1.07429
"exness","EURUSD","2023-06-12 01:42:00.310Z",1.07424,1.0743
"exness","EURUSD","2023-06-12 01:42:12.383Z",1.07423,1.07429
"exness","EURUSD","2023-06-12 01:42:12.408Z",1.07425,1.0743
"exness","EURUSD","2023-06-12 01:42:15.107Z",1.07423,1.0743
"exness","EURUSD","2023-06-12 01:42:21.935Z",1.07425,1.07431
"exness","EURUSD","2023-06-12 01:42:24.534Z",1.07426,1.07431
"exness","EURUSD","2023-06-12 01:42:33.815Z",1.07424,1.0743
"exness","EURUSD","2023-06-12 01:42:41.107Z",1.07424,1.07429
"exness","EURUSD","2023-06-12 01:42:41.122Z",1.07422,1.07428
"exness","EURUSD","2023-06-12 01:42:41.132Z",1.0742,1.07426
"exness","EURUSD","2023-06-12 01:42:44.232Z",1.07419,1.07425
"exness","EURUSD","2023-06-12 01:42:53.722Z",1.07416,1.07423
"exness","EURUSD","2023-06-12 01:42:54.330Z",1.07418,1.07423
"exness","EURUSD","2023-06-12 01:42:55.535Z",1.07418,1.07425
"exness","EURUSD","2023-06-12 01:43:08.116Z",1.0742,1.07426
"exness","EURUSD","2023-06-12 01:43:21.003Z",1.07422,1.07428
"exness","EURUSD","2023-06-12 01:43:23.699Z",1.07423,1.07428
"exness","EURUSD","2023-06-12 01:43:23.721Z",1.07424,1.0743
"exness","EURUSD","2023-06-12 01:43:27.572Z",1.07425,1.07432
"exness","EURUSD","2023-06-12 01:43:33.184Z",1.07427,1.07432
"exness","EURUSD","2023-06-12 01:43:38.220Z",1.07427,1.07433
"exness","EURUSD","2023-06-12 01:44:13.496Z",1.07429,1.07435
"exness","EURUSD","2023-06-12 01:44:15.108Z",1.0743,1.07436
"exness","EURUSD","2023-06-12 01:44:18.814Z",1.07427,1.07434
"exness","EURUSD","2023-06-12 01:44:25.269Z",1.07425,1.07432
"exness","EURUSD","2023-06-12 01:44:26.040Z",1.07427,1.07432
"exness","EURUSD","2023-06-12 01:44:27.230Z",1.07425,1.07431
"exness","EURUSD","2023-06-12 01:44:30.426Z",1.07426,1.07433
"exness","EURUSD","2023-06-12 01:44:33.747Z",1.07425,1.07431
"exness","EURUSD","2023-06-12 01:44:36.887Z",1.07427,1.07432
"exness","EURUSD","2023-06-12 01:44:43.820Z",1.07425,1.07431
"exness","EURUSD","2023-06-12 01:44:47.104Z",1.07424,1.07429
"exness","EURUSD","2023-06-12 01:44:48.666Z",1.07425,1.07431
"exness","EURUSD","2023-06-12 01:44:52.574Z",1.07426,1.07431
"exness","EURUSD","2023-06-12 01:45:01.187Z",1.07427,1.07433
"exness","EURUSD","2023-06-12 01:45:02.381Z",1.07428,1.07433
"exness","EURUSD","2023-06-12 01:45:02.688Z",1.07427,1.07433
"exness","EURUSD","2023-06-12 01:45:03.080Z",1.07425,1.07432
"exness","EURUSD","2023-06-12 01:45:03.823Z",1.07425,1.0743
"exness","EURUSD","2023-06-12 01:45:12.492Z",1.07426,1.07432
"exness","EURUSD","2023-06-12 01:46:12.776Z",1.07428,1.07433
"exness","EURUSD","2023-06-12 01:46:21.490Z",1.07427,1.07432
"exness","EURUSD","2023-06-12 01:46:23.360Z",1.07424,1.07431
"exness","EURUSD","2023-06-12 01:46:23.440Z",1.07423,1.07429
"exness","EURUSD","2023-06-12 01:46:23.464Z",1.0742099999999999,1.07427
"exness","EURUSD","2023-06-12 01:46:25.492Z",1.07423,1.07429
"exness","EURUSD","2023-06-12 01:46:27.308Z",1.07424,1.0743
"exness","EURUSD","2023-06-12 01:46:27.928Z",1.07426,1.07432
"exness","EURUSD","2023-06-12 01:46:29.882Z",1.07427,1.07432
"exness","EURUSD","2023-06-12 01:46:30.523Z",1.07425,1.07431
"exness","EURUSD","2023-06-12 01:46:32.725Z",1.07425,1.0743
"exness","EURUSD","2023-06-12 01:46:34.232Z",1.07426,1.07431
"exness","EURUSD","2023-06-12 01:46:35.205Z",1.07425,1.07431
"exness","EURUSD","2023-06-12 01:46:35.248Z",1.07423,1.07429
"exness","EURUSD","2023-06-12 01:46:40.526Z",1.07422,1.07427
"exness","EURUSD","2023-06-12 01:46:55.224Z",1.0742099999999999,1.07427
"exness","EURUSD","2023-06-12 01:47:05.344Z",1.07422,1.07429
"exness","EURUSD","2023-06-12 01:47:05.384Z",1.07424,1.0743
"exness","EURUSD","2023-06-12 01:47:06.748Z",1.07425,1.07431
"exness","EURUSD","2023-06-12 01:47:17.565Z",1.07427,1.07432
"exness","EURUSD","2023-06-12 01:47:22.753Z",1.07426,1.07432
"exness","EURUSD","2023-06-12 01:47:41.534Z",1.07427,1.07433
"exness","EURUSD","2023-06-12 01:47:50.843Z",1.07428,1.07433
"exness","EURUSD","2023-06-12 01:47:53.422Z",1.07428,1.07434
"exness","EURUSD","2023-06-12 01:47:59.352Z",1.07428,1.07433
"exness","EURUSD","2023-06-12 01:48:00.552Z",1.07427,1.07433
"exness","EURUSD","2023-06-12 01:48:00.934Z",1.07427,1.07432
"exness","EURUSD","2023-06-12 01:48:00.950Z",1.07425,1.07431
"exness","EURUSD","2023-06-12 01:48:00.987Z",1.07424,1.0743
"exness","EURUSD","2023-06-12 01:48:04.794Z",1.07425,1.0743
"exness","EURUSD","2023-06-12 01:48:06.426Z",1.07425,1.07432
"exness","EURUSD","2023-06-12 01:48:06.800Z",1.07427,1.07432
"exness","EURUSD","2023-06-12 01:48:11.732Z",1.07425,1.07431
"exness","EURUSD","2023-06-12 01:48:12.327Z",1.07425,1.0743
"exness","EURUSD","2023-06-12 01:48:14.243Z",1.07423,1.07429
"exness","EURUSD","2023-06-12 01:48:14.370Z",1.07423,1.07428
"exness","EURUSD","2023-06-12 01:48:16.594Z",1.0742,1.07427
"exness","EURUSD","2023-06-12 01:48:16.851Z",1.0742,1.07425
"exness","EURUSD","2023-06-12 01:48:41.426Z",1.07419,1.07425
"exness","EURUSD","2023-06-12 01:48:47.800Z",1.0742,1.07425
"exness","EURUSD","2023-06-12 01:48:59.572Z",1.0742,1.07426
"exness","EURUSD","2023-06-12 01:49:03.597Z",1.07419,1.07424
"exness","EURUSD","2023-06-12 01:49:04.561Z",1.0742,1.07426
"exness","EURUSD","2023-06-12 01:49:04.566Z",1.0742099999999999,1.07428
"exness","EURUSD","2023-06-12 01:49:05.473Z",1.0742,1.07426
"exness","EURUSD","2023-06-12 01:49:17.664Z",1.07418,1.07425
"exness","EURUSD","2023-06-12 01:49:26.227Z",1.07418,1.07423
"exness","EURUSD","2023-06-12 01:49:26.299Z",1.07416,1.07422
"exness","EURUSD","2023-06-12 01:49:26.314Z",1.07415,1.0742099999999999
"exness","EURUSD","2023-06-12 01:49:26.357Z",1.07413,1.07419
"exness","EURUSD","2023-06-12 01:49:26.547Z",1.07413,1.07418
"exness","EURUSD","2023-06-12 01:49:28.854Z",1.07414,1.07419
"exness","EURUSD","2023-06-12 01:49:29.945Z",1.07414,1.0742
"exness","EURUSD","2023-06-12 01:49:35.980Z",1.07416,1.07422
"exness","EURUSD","2023-06-12 01:49:40.981Z",1.07413,1.0742
"exness","EURUSD","2023-06-12 01:49:42.079Z",1.07413,1.07418
"exness","EURUSD","2023-06-12 01:49:45.627Z",1.07413,1.0742
"exness","EURUSD","2023-06-12 01:49:47.598Z",1.07412,1.07418
"exness","EURUSD","2023-06-12 01:49:48.968Z",1.07414,1.07419
"exness","EURUSD","2023-06-12 01:49:52.337Z",1.07414,1.0742
"exness","EURUSD","2023-06-12 01:49:55.123Z",1.07415,1.0742099999999999
"exness","EURUSD","2023-06-12 01:49:55.303Z",1.07417,1.07423
"exness","EURUSD","2023-06-12 01:50:03.437Z",1.07416,1.07422
"exness","EURUSD","2023-06-12 01:50:04.441Z",1.07414,1.0742
"exness","EURUSD","2023-06-12 01:50:05.546Z",1.07414,1.07419
"exness","EURUSD","2023-06-12 01:50:09.370Z",1.07412,1.07418
"exness","EURUSD","2023-06-12 01:50:09.842Z",1.07412,1.07417
"exness","EURUSD","2023-06-12 01:50:14.383Z",1.0741,1.07416
"exness","EURUSD","2023-06-12 01:50:15.533Z",1.07409,1.07415
"exness","EURUSD","2023-06-12 01:50:20.750Z",1.0741,1.07416
"exness","EURUSD","2023-06-12 01:50:29.828Z",1.0741,1.07415
"exness","EURUSD","2023-06-12 01:50:39.618Z",1.07411,1.07417
"exness","EURUSD","2023-06-12 01:50:47.683Z",1.07412,1.07418
"exness","EURUSD","2023-06-12 01:50:49.335Z",1.07413,1.07419
"exness","EURUSD","2023-06-12 01:50:54.266Z",1.07415,1.0742099999999999
"exness","EURUSD","2023-06-12 01:50:54.476Z",1.07415,1.0742
"exness","EURUSD","2023-06-12 01:50:55.595Z",1.07415,1.0742099999999999
"exness","EURUSD","2023-06-12 01:51:02.817Z",1.07414,1.07419
"exness","EURUSD","2023-06-12 01:51:06.843Z",1.07415,1.0742099999999999
"exness","EURUSD","2023-06-12 01:51:07.254Z",1.07413,1.0742
"exness","EURUSD","2023-06-12 01:51:09.100Z",1.07411,1.07418
"exness","EURUSD","2023-06-12 01:51:09.362Z",1.07411,1.07416
"exness","EURUSD","2023-06-12 01:51:10.371Z",1.0741,1.07415
"exness","EURUSD","2023-06-12 01:51:13.643Z",1.07411,1.07417
"exness","EURUSD","2023-06-12 01:51:14.190Z",1.07411,1.07416
"exness","EURUSD","2023-06-12 01:51:21.357Z",1.07409,1.07415
"exness","EURUSD","2023-06-12 01:51:30.025Z",1.07411,1.07416
"exness","EURUSD","2023-06-12 01:51:44.011Z",1.07409,1.07415
"exness","EURUSD","2023-06-12 01:52:07.417Z",1.07411,1.07417
"exness","EURUSD","2023-06-12 01:52:10.598Z",1.07409,1.07416
"exness","EURUSD","2023-06-12 01:52:18.179Z",1.07409,1.07414
"exness","EURUSD","2023-06-12 01:52:20.327Z",1.07407,1.07414
"exness","EURUSD","2023-06-12 01:52:20.351Z",1.07406,1.07412
"exness","EURUSD","2023-06-12 01:52:23.396Z",1.07407,1.07413
"exness","EURUSD","2023-06-12 01:52:23.614Z",1.07405,1.07412
"exness","EURUSD","2023-06-12 01:52:23.669Z",1.07404,1.0741
"exness","EURUSD","2023-06-12 01:52:24.682Z",1.07405,1.07412
"exness","EURUSD","2023-06-12 01:52:25.245Z",1.07404,1.0741
"exness","EURUSD","2023-06-12 01:52:27.051Z",1.07405,1.0741
"exness","EURUSD","2023-06-12 01:52:30.186Z",1.07403,1.07409
"exness","EURUSD","2023-06-12 01:52:35.191Z",1.07404,1.0741
"exness","EURUSD","2023-06-12 01:52:36.907Z",1.07403,1.07409
"exness","EURUSD","2023-06-12 01:52:37.678Z",1.07401,1.07408
"exness","EURUSD","2023-06-12 01:52:37.941Z",1.07401,1.07406
"exness","EURUSD","2023-06-12 01:52:39.064Z",1.07401,1.07407
"exness","EURUSD","2023-06-12 01:52:42.918Z",1.074,1.07405
"exness","EURUSD","2023-06-12 01:52:47.237Z",1.074,1.07407
"exness","EURUSD","2023-06-12 01:52:47.697Z",1.07402,1.07408
"exness","EURUSD","2023-06-12 01:52:48.653Z",1.07404,1.07409
"exness","EURUSD","2023-06-12 01:52:51.985Z",1.07404,1.0741
"exness","EURUSD","2023-06-12 01:52:53.127Z",1.07405,1.07411
"exness","EURUSD","2023-06-12 01:52:53.780Z",1.07407,1.07413
"exness","EURUSD","2023-06-12 01:52:54.721Z",1.07407,1.07412
"exness","EURUSD","2023-06-12 01:52:54.979Z",1.07405,1.07411
"exness","EURUSD","2023-06-12 01:52:55.100Z",1.07404,1.0741
"exness","EURUSD","2023-06-12 01:52:57.717Z",1.07402,1.07408
"exness","EURUSD","2023-06-12 01:52:58.803Z",1.07401,1.07407
"exness","EURUSD","2023-06-12 01:52:59.821Z",1.07402,1.07409
"exness","EURUSD","2023-06-12 01:53:02.027Z",1.07404,1.0741
"exness","EURUSD","2023-06-12 01:53:04.573Z",1.07403,1.07408
"exness","EURUSD","2023-06-12 01:53:07.324Z",1.07405,1.07411
"exness","EURUSD","2023-06-12 01:53:07.584Z",1.07406,1.07412
"exness","EURUSD","2023-06-12 01:53:08.416Z",1.07404,1.07411
"exness","EURUSD","2023-06-12 01:53:08.709Z",1.07404,1.07409
"exness","EURUSD","2023-06-12 01:53:11.380Z",1.07405,1.07411
"exness","EURUSD","2023-06-12 01:53:11.543Z",1.07404,1.07409
"exness","EURUSD","2023-06-12 01:53:18.088Z",1.07402,1.07409
"exness","EURUSD","2023-06-12 01:53:29.580Z",1.07404,1.0741
"exness","EURUSD","2023-06-12 01:53:32.832Z",1.07406,1.07412
"exness","EURUSD","2023-06-12 01:53:34.039Z",1.07407,1.07412
"exness","EURUSD","2023-06-12 01:53:34.506Z",1.07408,1.07414
"exness","EURUSD","2023-06-12 01:53:37.007Z",1.07409,1.07415
"exness","EURUSD","2023-06-12 01:53:39.181Z",1.07407,1.07414
"exness","EURUSD","2023-06-12 01:53:52.525Z",1.0741,1.07416
"exness","EURUSD","2023-06-12 01:53:52.780Z",1.07411,1.07417
"exness","EURUSD","2023-06-12 01:53:52.973Z",1.07413,1.07419
"exness","EURUSD","2023-06-12 01:53:53.350Z",1.07411,1.07417
"exness","EURUSD","2023-06-12 01:53:53.376Z",1.0741,1.07416
"exness","EURUSD","2023-06-12 01:53:53.909Z",1.07409,1.07414
"exness","EURUSD","2023-06-12 01:53:54.675Z",1.07408,1.07414
"exness","EURUSD","2023-06-12 01:53:59.845Z",1.07407,1.07413
"exness","EURUSD","2023-06-12 01:54:00.177Z",1.07406,1.07411
"exness","EURUSD","2023-06-12 01:54:00.208Z",1.07404,1.0741
"exness","EURUSD","2023-06-12 01:54:02.680Z",1.07404,1.07409
"exness","EURUSD","2023-06-12 01:54:09.449Z",1.07402,1.07408
"exness","EURUSD","2023-06-12 01:54:14.151Z",1.07402,1.07407
"exness","EURUSD","2023-06-12 01:54:27.200Z",1.07403,1.07409
"exness","EURUSD","2023-06-12 01:54:28.152Z",1.07403,1.07408
"exness","EURUSD","2023-06-12 01:54:33.522Z",1.07403,1.07409
"exness","EURUSD","2023-06-12 01:54:37.254Z",1.07403,1.07408
"exness","EURUSD","2023-06-12 01:54:53.573Z",1.07403,1.07409
"exness","EURUSD","2023-06-12 01:55:00.726Z",1.07402,1.07407
"exness","EURUSD","2023-06-12 01:55:04.638Z",1.07402,1.07409
"exness","EURUSD","2023-06-12 01:55:10.880Z",1.07402,1.07407
"exness","EURUSD","2023-06-12 01:55:12.537Z",1.074,1.07406
"exness","EURUSD","2023-06-12 01:55:13.096Z",1.07399,1.07404
"exness","EURUSD","2023-06-12 01:55:16.607Z",1.07398,1.07404
"exness","EURUSD","2023-06-12 01:55:18.576Z",1.07397,1.07403
"exness","EURUSD","2023-06-12 01:55:21.516Z",1.07395,1.07401
"exness","EURUSD","2023-06-12 01:55:21.631Z",1.07394,1.074
"exness","EURUSD","2023-06-12 01:55:21.653Z",1.07392,1.07398
"exness","EURUSD","2023-06-12 01:55:21.725Z",1.0739,1.07397
"exness","EURUSD","2023-06-12 01:55:22.859Z",1.07392,1.07398
"exness","EURUSD","2023-06-12 01:55:30.989Z",1.07391,1.07397
"exness","EURUSD","2023-06-12 01:55:31.318Z",1.07391,1.07396
"exness","EURUSD","2023-06-12 01:55:38.104Z",1.07389,1.07396
"exness","EURUSD","2023-06-12 01:55:39.265Z",1.07387,1.07394
"exness","EURUSD","2023-06-12 01:55:39.728Z",1.07387,1.07392
"exness","EURUSD","2023-06-12 01:55:42.235Z",1.07387,1.07393
"exness","EURUSD","2023-06-12 01:55:48.654Z",1.07387,1.07392
"exness","EURUSD","2023-06-12 01:55:56.730Z",1.07384,1.07391
"exness","EURUSD","2023-06-12 01:55:57.155Z",1.07383,1.07389
"exness","EURUSD","2023-06-12 01:55:57.284Z",1.07384,1.07391
"exness","EURUSD","2023-06-12 01:55:57.455Z",1.07386,1.07391
"exness","EURUSD","2023-06-12 01:55:58.956Z",1.07386,1.07392
"exness","EURUSD","2023-06-12 01:56:00.817Z",1.07387,1.07392
"exness","EURUSD","2023-06-12 01:56:02.957Z",1.07386,1.07392
"exness","EURUSD","2023-06-12 01:56:03.027Z",1.07385,1.0739
"exness","EURUSD","2023-06-12 01:56:05.057Z",1.07386,1.07392
"exness","EURUSD","2023-06-12 01:56:05.162Z",1.07387,1.07393
"exness","EURUSD","2023-06-12 01:56:05.467Z",1.07389,1.07395
"exness","EURUSD","2023-06-12 01:56:07.689Z",1.0739,1.07396
"exness","EURUSD","2023-06-12 01:56:17.247Z",1.07389,1.07395
"exness","EURUSD","2023-06-12 01:56:24.134Z",1.0739,1.07397
"exness","EURUSD","2023-06-12 01:56:28.268Z",1.07393,1.07399
"exness","EURUSD","2023-06-12 01:56:28.386Z",1.07394,1.07401
"exness","EURUSD","2023-06-12 01:56:29.031Z",1.07396,1.07401
"exness","EURUSD","2023-06-12 01:56:31.120Z",1.07397,1.07403
"exness","EURUSD","2023-06-12 01:56:31.280Z",1.07395,1.07402
"exness","EURUSD","2023-06-12 01:56:32.647Z",1.07397,1.07403
"exness","EURUSD","2023-06-12 01:56:51.832Z",1.07395,1.07402
"exness","EURUSD","2023-06-12 01:56:53.025Z",1.07396,1.07403
"exness","EURUSD","2023-06-12 01:57:00.418Z",1.07395,1.07402
"exness","EURUSD","2023-06-12 01:57:01.420Z",1.07395,1.074
"exness","EURUSD","2023-06-12 01:57:02.427Z",1.07396,1.07402
"exness","EURUSD","2023-06-12 01:57:14.763Z",1.07394,1.07399
"exness","EURUSD","2023-06-12 01:57:22.707Z",1.07393,1.07399
"exness","EURUSD","2023-06-12 01:57:23.204Z",1.07392,1.07398
"exness","EURUSD","2023-06-12 01:57:40.957Z",1.07389,1.07396
"exness","EURUSD","2023-06-12 01:57:41.001Z",1.07388,1.07394
"exness","EURUSD","2023-06-12 01:57:41.247Z",1.07386,1.07392
"exness","EURUSD","2023-06-12 01:57:42.955Z",1.07384,1.0739
"exness","EURUSD","2023-06-12 01:57:43.234Z",1.07383,1.07389
"exness","EURUSD","2023-06-12 01:57:43.410Z",1.07382,1.07387
"exness","EURUSD","2023-06-12 01:57:45.845Z",1.0738,1.07386
"exness","EURUSD","2023-06-12 01:57:54.179Z",1.07381,1.07386
"exness","EURUSD","2023-06-12 01:57:54.999Z",1.0738,1.07386
"exness","EURUSD","2023-06-12 01:57:55.497Z",1.07378,1.07384
"exness","EURUSD","2023-06-12 01:57:56.511Z",1.07379,1.07384
"exness","EURUSD","2023-06-12 01:57:56.872Z",1.07379,1.07386
"exness","EURUSD","2023-06-12 01:57:57.206Z",1.07378,1.07384
"exness","EURUSD","2023-06-12 01:58:00.424Z",1.0738,1.07385
"exness","EURUSD","2023-06-12 01:58:00.591Z",1.07381,1.07387
"exness","EURUSD","2023-06-12 01:58:01.982Z",1.07379,1.07385
"exness","EURUSD","2023-06-12 01:58:05.598Z",1.07382,1.07387
"exness","EURUSD","2023-06-12 01:58:06.169Z",1.0738,1.07386
"exness","EURUSD","2023-06-12 01:58:06.208Z",1.07379,1.07384
"exness","EURUSD","2023-06-12 01:58:06.986Z",1.0738,1.07386
"exness","EURUSD","2023-06-12 01:58:07.106Z",1.07379,1.07384
"exness","EURUSD","2023-06-12 01:58:07.127Z",1.0738,1.07386
"exness","EURUSD","2023-06-12 01:58:07.234Z",1.07381,1.07388
"exness","EURUSD","2023-06-12 01:58:07.370Z",1.07383,1.07389
"exness","EURUSD","2023-06-12 01:58:07.391Z",1.07384,1.07391
"exness","EURUSD","2023-06-12 01:58:07.488Z",1.07386,1.07391
"exness","EURUSD","2023-06-12 01:58:07.691Z",1.07386,1.07393
"exness","EURUSD","2023-06-12 01:58:07.723Z",1.07388,1.07393
"exness","EURUSD","2023-06-12 01:58:07.799Z",1.07387,1.07393
"exness","EURUSD","2023-06-12 01:58:07.825Z",1.07385,1.07391
"exness","EURUSD","2023-06-12 01:58:07.836Z",1.07384,1.07389
"exness","EURUSD","2023-06-12 01:58:07.908Z",1.07383,1.07389
"exness","EURUSD","2023-06-12 01:58:07.996Z",1.07381,1.07387
"exness","EURUSD","2023-06-12 01:58:08.732Z",1.07381,1.07386
"exness","EURUSD","2023-06-12 01:58:10.729Z",1.07382,1.07388
"exness","EURUSD","2023-06-12 01:58:11.027Z",1.07383,1.07389
"exness","EURUSD","2023-06-12 01:58:11.654Z",1.07381,1.07388
"exness","EURUSD","2023-06-12 01:58:11.662Z",1.0738,1.07386
"exness","EURUSD","2023-06-12 01:58:12.688Z",1.07379,1.07385
"exness","EURUSD","2023-06-12 01:58:13.441Z",1.07379,1.07384
"exness","EURUSD","2023-06-12 01:58:14.785Z",1.07376,1.07383
"exness","EURUSD","2023-06-12 01:58:15.878Z",1.07378,1.07384
"exness","EURUSD","2023-06-12 01:58:16.138Z",1.07379,1.07385
"exness","EURUSD","2023-06-12 01:58:16.668Z",1.0738,1.07385
"exness","EURUSD","2023-06-12 01:58:17.881Z",1.07381,1.07387
"exness","EURUSD","2023-06-12 01:58:18.174Z",1.07379,1.07385
"exness","EURUSD","2023-06-12 01:58:18.348Z",1.07381,1.07387
"exness","EURUSD","2023-06-12 01:58:18.657Z",1.07382,1.07389
"exness","EURUSD","2023-06-12 01:58:18.808Z",1.07384,1.07389
"exness","EURUSD","2023-06-12 01:58:19.072Z",1.07384,1.0739
"exness","EURUSD","2023-06-12 01:58:19.499Z",1.07383,1.07389
"exness","EURUSD","2023-06-12 01:58:19.530Z",1.07381,1.07387
"exness","EURUSD","2023-06-12 01:58:19.559Z",1.07379,1.07386
"exness","EURUSD","2023-06-12 01:58:22.534Z",1.0737700000000001,1.07384
"exness","EURUSD","2023-06-12 01:58:24.694Z",1.07375,1.07382
"exness","EURUSD","2023-06-12 01:58:25.823Z",1.07374,1.0738
"exness","EURUSD","2023-06-12 01:58:28.227Z",1.07373,1.07378
"exness","EURUSD","2023-06-12 01:58:28.257Z",1.07372,1.07378
"exness","EURUSD","2023-06-12 01:58:28.368Z",1.07371,1.07376
"exness","EURUSD","2023-06-12 01:58:28.770Z",1.07369,1.07376
"exness","EURUSD","2023-06-12 01:58:28.861Z",1.07368,1.07374
"exness","EURUSD","2023-06-12 01:58:28.883Z",1.07366,1.07372
"exness","EURUSD","2023-06-12 01:58:32.915Z",1.07367,1.07374
"exness","EURUSD","2023-06-12 01:58:32.956Z",1.07369,1.07375
"exness","EURUSD","2023-06-12 01:58:33.976Z",1.07368,1.07374
"exness","EURUSD","2023-06-12 01:58:38.713Z",1.07369,1.07375
"exness","EURUSD","2023-06-12 01:58:42.210Z",1.07371,1.07376
"exness","EURUSD","2023-06-12 01:58:43.191Z",1.07369,1.07376
"exness","EURUSD","2023-06-12 01:58:43.322Z",1.07368,1.07374
"exness","EURUSD","2023-06-12 01:58:48.846Z",1.07366,1.07372
"exness","EURUSD","2023-06-12 01:58:48.867Z",1.07364,1.0737
"exness","EURUSD","2023-06-12 01:58:48.951Z",1.07362,1.07369
"exness","EURUSD","2023-06-12 01:58:49.964Z",1.07362,1.07367
"exness","EURUSD","2023-06-12 01:58:51.074Z",1.07362,1.07369
"exness","EURUSD","2023-06-12 01:58:51.830Z",1.07361,1.07367
"exness","EURUSD","2023-06-12 01:58:51.961Z",1.07359,1.07366
"exness","EURUSD","2023-06-12 01:58:58.000Z",1.0735999999999999,1.07367
"exness","EURUSD","2023-06-12 01:58:58.195Z",1.07362,1.07368
"exness","EURUSD","2023-06-12 01:58:58.216Z",1.07364,1.07369
"exness","EURUSD","2023-06-12 01:59:02.394Z",1.07364,1.0737
"exness","EURUSD","2023-06-12 01:59:04.949Z",1.07363,1.07369
"exness","EURUSD","2023-06-12 01:59:04.974Z",1.07364,1.07371
"exness","EURUSD","2023-06-12 01:59:06.833Z",1.07367,1.07372
"exness","EURUSD","2023-06-12 01:59:09.517Z",1.07367,1.07373
"exness","EURUSD","2023-06-12 01:59:31.526Z",1.07368,1.07373
"exness","EURUSD","2023-06-12 01:59:34.160Z",1.07367,1.07373
"exness","EURUSD","2023-06-12 01:59:36.312Z",1.07367,1.07372
"exness","EURUSD","2023-06-12 02:00:00.689Z",1.07367,1.07374
"exness","EURUSD","2023-06-12 02:00:01.359Z",1.07367,1.07372
"exness","EURUSD","2023-06-12 02:00:05.726Z",1.07368,1.07374
"exness","EURUSD","2023-06-12 02:00:05.808Z",1.07369,1.07374
"exness","EURUSD","2023-06-12 02:00:11.368Z",1.0737,1.07376
"exness","EURUSD","2023-06-12 02:00:12.450Z",1.07371,1.0737700000000001
"exness","EURUSD","2023-06-12 02:00:36.034Z",1.07373,1.07379
"exness","EURUSD","2023-06-12 02:00:36.058Z",1.07375,1.07381
"exness","EURUSD","2023-06-12 02:00:37.928Z",1.07376,1.07383
"exness","EURUSD","2023-06-12 02:00:37.964Z",1.07378,1.07383
"exness","EURUSD","2023-06-12 02:00:42.916Z",1.07378,1.07384
"exness","EURUSD","2023-06-12 02:00:48.291Z",1.07376,1.07383
"exness","EURUSD","2023-06-12 02:00:48.341Z",1.07375,1.07381
"exness","EURUSD","2023-06-12 02:00:48.547Z",1.0737700000000001,1.07383
"exness","EURUSD","2023-06-12 02:00:48.928Z",1.07378,1.07384
"exness","EURUSD","2023-06-12 02:00:52.504Z",1.0738,1.07386
"exness","EURUSD","2023-06-12 02:00:52.640Z",1.07381,1.07386
"exness","EURUSD","2023-06-12 02:00:53.482Z",1.07382,1.07388
"exness","EURUSD","2023-06-12 02:00:58.564Z",1.07381,1.07387
"exness","EURUSD","2023-06-12 02:00:58.580Z",1.07379,1.07385
"exness","EURUSD","2023-06-12 02:00:58.603Z",1.0737700000000001,1.07384
"exness","EURUSD","2023-06-12 02:00:59.666Z",1.07376,1.07382
"exness","EURUSD","2023-06-12 02:00:59.743Z",1.07375,1.07381
"exness","EURUSD","2023-06-12 02:00:59.752Z",1.07373,1.07379
"exness","EURUSD","2023-06-12 02:00:59.815Z",1.07372,1.0737700000000001
"exness","EURUSD","2023-06-12 02:01:00.347Z",1.07371,1.0737700000000001
"exness","EURUSD","2023-06-12 02:01:03.770Z",1.07372,1.07378
"exness","EURUSD","2023-06-12 02:01:04.889Z",1.07374,1.07379
"exness","EURUSD","2023-06-12 02:01:06.136Z",1.07372,1.07378
"exness","EURUSD","2023-06-12 02:01:06.663Z",1.07374,1.07379
"exness","EURUSD","2023-06-12 02:01:07.844Z",1.07372,1.07379
"exness","EURUSD","2023-06-12 02:01:08.980Z",1.07374,1.0738
"exness","EURUSD","2023-06-12 02:01:09.981Z",1.07372,1.07379
"exness","EURUSD","2023-06-12 02:01:12.040Z",1.07371,1.0737700000000001
"exness","EURUSD","2023-06-12 02:01:12.089Z",1.07369,1.07375
"exness","EURUSD","2023-06-12 02:01:16.151Z",1.07372,1.0737700000000001
"exness","EURUSD","2023-06-12 02:01:17.565Z",1.07369,1.07375
"exness","EURUSD","2023-06-12 02:01:17.578Z",1.07367,1.07373
"exness","EURUSD","2023-06-12 02:01:17.632Z",1.07369,1.07374
"exness","EURUSD","2023-06-12 02:01:17.660Z",1.0737,1.07376
"exness","EURUSD","2023-06-12 02:01:17.733Z",1.07371,1.0737700000000001
"exness","EURUSD","2023-06-12 02:01:17.798Z",1.07369,1.07376
"exness","EURUSD","2023-06-12 02:01:17.813Z",1.07369,1.07374
"exness","EURUSD","2023-06-12 02:01:18.363Z",1.07369,1.07375
"exness","EURUSD","2023-06-12 02:01:19.419Z",1.0737,1.07376
"exness","EURUSD","2023-06-12 02:01:21.125Z",1.07371,1.07378
"exness","EURUSD","2023-06-12 02:01:21.346Z",1.0737,1.07376
"exness","EURUSD","2023-06-12 02:01:21.351Z",1.07368,1.07374
"exness","EURUSD","2023-06-12 02:01:21.397Z",1.07368,1.07373
"exness","EURUSD","2023-06-12 02:01:21.863Z",1.07366,1.07372
"exness","EURUSD","2023-06-12 02:01:29.936Z",1.07368,1.07374
"exness","EURUSD","2023-06-12 02:01:29.978Z",1.0737,1.07375
"exness","EURUSD","2023-06-12 02:01:30.011Z",1.07368,1.07374
"exness","EURUSD","2023-06-12 02:01:30.310Z",1.07369,1.07376
"exness","EURUSD","2023-06-12 02:01:36.466Z",1.07368,1.07374
"exness","EURUSD","2023-06-12 02:01:37.483Z",1.07367,1.07373
"exness","EURUSD","2023-06-12 02:01:40.041Z",1.07368,1.07373
"exness","EURUSD","2023-06-12 02:01:41.875Z",1.07367,1.07373
"exness","EURUSD","2023-06-12 02:01:48.446Z",1.07365,1.07372
"exness","EURUSD","2023-06-12 02:01:50.104Z",1.07368,1.07373
"exness","EURUSD","2023-06-12 02:01:50.156Z",1.07368,1.07374
"exness","EURUSD","2023-06-12 02:01:58.217Z",1.0737,1.07376
"exness","EURUSD","2023-06-12 02:01:58.252Z",1.07372,1.07378
"exness","EURUSD","2023-06-12 02:01:59.411Z",1.0737,1.07375
"exness","EURUSD","2023-06-12 02:02:01.605Z",1.07368,1.07374
"exness","EURUSD","2023-06-12 02:02:02.615Z",1.07367,1.07373
"exness","EURUSD","2023-06-12 02:02:05.646Z",1.07365,1.07372
"exness","EURUSD","2023-06-12 02:02:08.039Z",1.07368,1.07374
"exness","EURUSD","2023-06-12 02:02:09.875Z",1.07366,1.07372
"exness","EURUSD","2023-06-12 02:02:15.239Z",1.07366,1.07371
"exness","EURUSD","2023-06-12 02:02:15.819Z",1.07367,1.07373
"exness","EURUSD","2023-06-12 02:02:15.859Z",1.07368,1.07374
"exness","EURUSD","2023-06-12 02:02:17.009Z",1.07367,1.07373
"exness","EURUSD","2023-06-12 02:02:23.479Z",1.07367,1.07372
"exness","EURUSD","2023-06-12 02:02:29.484Z",1.07368,1.07374
"exness","EURUSD","2023-06-12 02:02:34.993Z",1.0737,1.07376
"exness","EURUSD","2023-06-12 02:02:36.207Z",1.07371,1.0737700000000001
"exness","EURUSD","2023-06-12 02:02:41.164Z",1.07369,1.07375
"exness","EURUSD","2023-06-12 02:02:41.191Z",1.07368,1.07374
"exness","EURUSD","2023-06-12 02:02:42.224Z",1.07366,1.07372
"exness","EURUSD","2023-06-12 02:02:42.818Z",1.07368,1.07373
"exness","EURUSD","2023-06-12 02:02:46.726Z",1.07368,1.07375
"exness","EURUSD","2023-06-12 02:03:01.149Z",1.07369,1.07376
"exness","EURUSD","2023-06-12 02:03:01.250Z",1.07371,1.07376
"exness","EURUSD","2023-06-12 02:03:01.510Z",1.07372,1.07378
"exness","EURUSD","2023-06-12 02:03:01.537Z",1.07373,1.0738
"exness","EURUSD","2023-06-12 02:03:04.373Z",1.07372,1.07379
"exness","EURUSD","2023-06-12 02:03:23.948Z",1.07374,1.07379
"exness","EURUSD","2023-06-12 02:03:24.628Z",1.07375,1.07381
"exness","EURUSD","2023-06-12 02:03:27.205Z",1.07374,1.07379
"exness","EURUSD","2023-06-12 02:03:27.630Z",1.07375,1.07381
"exness","EURUSD","2023-06-12 02:03:27.635Z",1.07376,1.07382
"exness","EURUSD","2023-06-12 02:03:27.679Z",1.07378,1.07384
"exness","EURUSD","2023-06-12 02:03:27.698Z",1.07379,1.07386
"exness","EURUSD","2023-06-12 02:03:28.363Z",1.07381,1.07386
"exness","EURUSD","2023-06-12 02:03:37.692Z",1.07379,1.07385
"exness","EURUSD","2023-06-12 02:03:37.708Z",1.07378,1.07384
"exness","EURUSD","2023-06-12 02:03:37.713Z",1.07376,1.07382
"exness","EURUSD","2023-06-12 02:03:37.768Z",1.07378,1.07383
"exness","EURUSD","2023-06-12 02:03:38.796Z",1.07376,1.07383
"exness","EURUSD","2023-06-12 02:03:42.494Z",1.07375,1.07381
"exness","EURUSD","2023-06-12 02:03:44.558Z",1.07373,1.0738
"exness","EURUSD","2023-06-12 02:03:44.562Z",1.07372,1.07378
"exness","EURUSD","2023-06-12 02:03:44.661Z",1.07371,1.07376
"exness","EURUSD","2023-06-12 02:03:48.955Z",1.07371,1.07378
"exness","EURUSD","2023-06-12 02:03:54.992Z",1.07373,1.07379
"exness","EURUSD","2023-06-12 02:04:11.858Z",1.07373,1.07378
"exness","EURUSD","2023-06-12 02:04:16.705Z",1.07371,1.0737700000000001
"exness","EURUSD","2023-06-12 02:04:18.583Z",1.07372,1.0737700000000001
"exness","EURUSD","2023-06-12 02:04:33.781Z",1.07371,1.0737700000000001
"exness","EURUSD","2023-06-12 02:04:49.224Z",1.07369,1.07375
"exness","EURUSD","2023-06-12 02:04:49.783Z",1.07368,1.07374
"exness","EURUSD","2023-06-12 02:04:49.814Z",1.07366,1.07372
"exness","EURUSD","2023-06-12 02:04:51.266Z",1.07364,1.07371
"exness","EURUSD","2023-06-12 02:04:51.707Z",1.07364,1.07369
"exness","EURUSD","2023-06-12 02:04:56.505Z",1.07362,1.07368
"exness","EURUSD","2023-06-12 02:05:00.158Z",1.07363,1.07369
"exness","EURUSD","2023-06-12 02:05:01.152Z",1.07365,1.07371
"exness","EURUSD","2023-06-12 02:05:02.562Z",1.07365,1.0737
"exness","EURUSD","2023-06-12 02:05:04.696Z",1.07365,1.07371
"exness","EURUSD","2023-06-12 02:06:05.752Z",1.07366,1.07371
"exness","EURUSD","2023-06-12 02:06:10.434Z",1.07364,1.0737
"exness","EURUSD","2023-06-12 02:06:11.712Z",1.07365,1.0737
"exness","EURUSD","2023-06-12 02:06:12.922Z",1.07364,1.0737
"exness","EURUSD","2023-06-12 02:06:23.866Z",1.07365,1.07371
"exness","EURUSD","2023-06-12 02:07:07.173Z",1.07364,1.0737
"exness","EURUSD","2023-06-12 02:07:17.445Z",1.07363,1.07369
"exness","EURUSD","2023-06-12 02:07:23.156Z",1.07364,1.0737
"exness","EURUSD","2023-06-12 02:07:23.239Z",1.07366,1.07372
"exness","EURUSD","2023-06-12 02:07:23.358Z",1.07367,1.07373
"exness","EURUSD","2023-06-12 02:07:23.755Z",1.07369,1.07375
"exness","EURUSD","2023-06-12 02:07:27.373Z",1.0737,1.07375
"exness","EURUSD","2023-06-12 02:07:33.687Z",1.07368,1.07374
"exness","EURUSD","2023-06-12 02:07:33.695Z",1.07366,1.07373
"exness","EURUSD","2023-06-12 02:07:33.799Z",1.07368,1.07374
"exness","EURUSD","2023-06-12 02:07:44.331Z",1.07367,1.07373
"exness","EURUSD","2023-06-12 02:08:00.991Z",1.07366,1.07372
"exness","EURUSD","2023-06-12 02:08:01.136Z",1.07368,1.07373
"exness","EURUSD","2023-06-12 02:08:01.639Z",1.07366,1.07373
"exness","EURUSD","2023-06-12 02:08:01.678Z",1.07365,1.07371
"exness","EURUSD","2023-06-12 02:08:01.707Z",1.07364,1.07369
"exness","EURUSD","2023-06-12 02:08:02.230Z",1.07363,1.07369
"exness","EURUSD","2023-06-12 02:08:06.730Z",1.07365,1.07371
"exness","EURUSD","2023-06-12 02:08:08.892Z",1.07366,1.07372
"exness","EURUSD","2023-06-12 02:08:09.262Z",1.07365,1.0737
"exness","EURUSD","2023-06-12 02:08:09.286Z",1.07364,1.0737
"exness","EURUSD","2023-06-12 02:08:16.190Z",1.07365,1.07371
"exness","EURUSD","2023-06-12 02:08:26.191Z",1.07363,1.0737
"exness","EURUSD","2023-06-12 02:08:27.071Z",1.07365,1.0737
"exness","EURUSD","2023-06-12 02:08:46.127Z",1.07366,1.07371
"exness","EURUSD","2023-06-12 02:08:50.929Z",1.07366,1.07372
"exness","EURUSD","2023-06-12 02:09:02.117Z",1.07365,1.07371
"exness","EURUSD","2023-06-12 02:09:02.215Z",1.07364,1.07369
"exness","EURUSD","2023-06-12 02:09:02.345Z",1.07365,1.07371
"exness","EURUSD","2023-06-12 02:09:09.206Z",1.07366,1.07372
"exness","EURUSD","2023-06-12 02:09:10.105Z",1.07365,1.0737
"exness","EURUSD","2023-06-12 02:09:11.170Z",1.07366,1.07372
"exness","EURUSD","2023-06-12 02:09:19.866Z",1.07366,1.07371
"exness","EURUSD","2023-06-12 02:09:21.086Z",1.07366,1.07372
"exness","EURUSD","2023-06-12 02:09:21.510Z",1.07364,1.07371
"exness","EURUSD","2023-06-12 02:09:21.733Z",1.07366,1.07371
"exness","EURUSD","2023-06-12 02:09:22.725Z",1.07366,1.07373
"exness","EURUSD","2023-06-12 02:09:23.372Z",1.07368,1.07374
"exness","EURUSD","2023-06-12 02:09:23.462Z",1.07369,1.07376
"exness","EURUSD","2023-06-12 02:09:23.544Z",1.07372,1.0737700000000001
"exness","EURUSD","2023-06-12 02:09:23.681Z",1.07372,1.07378
"exness","EURUSD","2023-06-12 02:09:37.912Z",1.0737,1.07376
"exness","EURUSD","2023-06-12 02:09:37.936Z",1.07369,1.07375
"exness","EURUSD","2023-06-12 02:09:41.419Z",1.07367,1.07373
"exness","EURUSD","2023-06-12 02:09:44.783Z",1.07365,1.07371
"exness","EURUSD","2023-06-12 02:09:53.401Z",1.07367,1.07373
"exness","EURUSD","2023-06-12 02:10:27.004Z",1.07365,1.07372
"exness","EURUSD","2023-06-12 02:10:54.417Z",1.07367,1.07372
"exness","EURUSD","2023-06-12 02:11:01.103Z",1.07364,1.0737
"exness","EURUSD","2023-06-12 02:11:11.007Z",1.07363,1.07369
"exness","EURUSD","2023-06-12 02:11:15.776Z",1.07362,1.07368
"exness","EURUSD","2023-06-12 02:11:20.280Z",1.07363,1.07369
"exness","EURUSD","2023-06-12 02:11:30.289Z",1.07362,1.07368
"exness","EURUSD","2023-06-12 02:12:06.737Z",1.07363,1.07368
"exness","EURUSD","2023-06-12 02:12:11.236Z",1.07362,1.07368
"exness","EURUSD","2023-06-12 02:13:14.047Z",1.07363,1.07369
"exness","EURUSD","2023-06-12 02:13:17.284Z",1.07362,1.07368
"exness","EURUSD","2023-06-12 02:13:24.694Z",1.07362,1.07367
"exness","EURUSD","2023-06-12 02:13:54.434Z",1.07359,1.07366
"exness","EURUSD","2023-06-12 02:13:54.444Z",1.07358,1.07364
"exness","EURUSD","2023-06-12 02:13:54.553Z",1.07356,1.07363
"exness","EURUSD","2023-06-12 02:14:00.268Z",1.07355,1.07361
"exness","EURUSD","2023-06-12 02:14:02.304Z",1.07354,1.0735999999999999
"exness","EURUSD","2023-06-12 02:14:03.296Z",1.07355,1.0735999999999999
"exness","EURUSD","2023-06-12 02:14:12.573Z",1.07356,1.07362
"exness","EURUSD","2023-06-12 02:14:12.636Z",1.07358,1.07364
"exness","EURUSD","2023-06-12 02:14:14.939Z",1.07359,1.07365
"exness","EURUSD","2023-06-12 02:14:33.613Z",1.0735999999999999,1.07366
"exness","EURUSD","2023-06-12 02:14:49.720Z",1.07361,1.07367
"exness","EURUSD","2023-06-12 02:15:28.436Z",1.0735999999999999,1.07366
"exness","EURUSD","2023-06-12 02:15:30.567Z",1.07358,1.07364
"exness","EURUSD","2023-06-12 02:15:32.686Z",1.0735999999999999,1.07365
"exness","EURUSD","2023-06-12 02:15:35.418Z",1.07357,1.07364
"exness","EURUSD","2023-06-12 02:15:36.444Z",1.07357,1.07362
"exness","EURUSD","2023-06-12 02:15:40.312Z",1.07358,1.07364
