"Exness","Symbol","Timestamp","Bid","Ask"
"exness","EURUSD","2023-06-07 00:00:00.722Z",1.06984,1.0699
"exness","EURUSD","2023-06-07 00:00:08.163Z",1.06986,1.06991
"exness","EURUSD","2023-06-07 00:00:10.421Z",1.06985,1.0699
"exness","EURUSD","2023-06-07 00:00:13.493Z",1.06985,1.06992
"exness","EURUSD","2023-06-07 00:00:18.225Z",1.06986,1.06993
"exness","EURUSD","2023-06-07 00:00:23.948Z",1.06988,1.06993
"exness","EURUSD","2023-06-07 00:00:27.105Z",1.06988,1.06995
"exness","EURUSD","2023-06-07 00:00:29.340Z",1.0699,1.06996
"exness","EURUSD","2023-06-07 00:00:29.387Z",1.06991,1.06998
"exness","EURUSD","2023-06-07 00:00:30.046Z",1.06993,1.06998
"exness","EURUSD","2023-06-07 00:00:36.142Z",1.06991,1.06997
"exness","EURUSD","2023-06-07 00:00:36.315Z",1.06989,1.06995
"exness","EURUSD","2023-06-07 00:00:37.801Z",1.06989,1.06994
"exness","EURUSD","2023-06-07 00:00:39.064Z",1.0699,1.06996
"exness","EURUSD","2023-06-07 00:00:39.199Z",1.06991,1.06997
"exness","EURUSD","2023-06-07 00:00:39.850Z",1.06993,1.06998
"exness","EURUSD","2023-06-07 00:00:46.372Z",1.06993,1.06999
"exness","EURUSD","2023-06-07 00:00:59.002Z",1.06994,1.07
"exness","EURUSD","2023-06-07 00:00:59.012Z",1.06996,1.07002
"exness","EURUSD","2023-06-07 00:00:59.196Z",1.06997,1.07002
"exness","EURUSD","2023-06-07 00:01:01.467Z",1.06996,1.07002
"exness","EURUSD","2023-06-07 00:01:05.561Z",1.06998,1.07004
"exness","EURUSD","2023-06-07 00:01:07.885Z",1.06999,1.07004
"exness","EURUSD","2023-06-07 00:01:17.535Z",1.06998,1.07004
"exness","EURUSD","2023-06-07 00:01:24.397Z",1.07,1.07006
"exness","EURUSD","2023-06-07 00:01:24.410Z",1.07001,1.07008
"exness","EURUSD","2023-06-07 00:01:24.454Z",1.07003,1.07009
"exness","EURUSD","2023-06-07 00:01:24.480Z",1.07005,1.0701
"exness","EURUSD","2023-06-07 00:01:24.531Z",1.07005,1.07012
"exness","EURUSD","2023-06-07 00:01:24.735Z",1.07004,1.0701
"exness","EURUSD","2023-06-07 00:01:24.743Z",1.07002,1.07008
"exness","EURUSD","2023-06-07 00:01:24.755Z",1.07,1.07007
"exness","EURUSD","2023-06-07 00:01:24.961Z",1.07002,1.07008
"exness","EURUSD","2023-06-07 00:01:25.223Z",1.07001,1.07007
"exness","EURUSD","2023-06-07 00:01:25.409Z",1.07002,1.07008
"exness","EURUSD","2023-06-07 00:01:28.356Z",1.07001,1.07007
"exness","EURUSD","2023-06-07 00:01:30.285Z",1.07,1.07006
"exness","EURUSD","2023-06-07 00:01:35.769Z",1.07001,1.07006
"exness","EURUSD","2023-06-07 00:01:37.093Z",1.07002,1.07009
"exness","EURUSD","2023-06-07 00:01:37.118Z",1.07004,1.0701
"exness","EURUSD","2023-06-07 00:01:38.290Z",1.07005,1.0701
"exness","EURUSD","2023-06-07 00:01:39.946Z",1.07006,1.07012
"exness","EURUSD","2023-06-07 00:01:42.052Z",1.07006,1.0701100000000001
"exness","EURUSD","2023-06-07 00:01:44.258Z",1.07004,1.0701
"exness","EURUSD","2023-06-07 00:01:48.317Z",1.07002,1.07008
"exness","EURUSD","2023-06-07 00:01:48.613Z",1.07001,1.07007
"exness","EURUSD","2023-06-07 00:01:49.556Z",1.07002,1.07008
"exness","EURUSD","2023-06-07 00:01:49.607Z",1.07004,1.0701
"exness","EURUSD","2023-06-07 00:01:51.715Z",1.07005,1.0701100000000001
"exness","EURUSD","2023-06-07 00:01:51.746Z",1.07007,1.07013
"exness","EURUSD","2023-06-07 00:01:51.757Z",1.07008,1.07015
"exness","EURUSD","2023-06-07 00:01:51.763Z",1.0701,1.07016
"exness","EURUSD","2023-06-07 00:01:51.800Z",1.07012,1.07018
"exness","EURUSD","2023-06-07 00:01:51.804Z",1.0701100000000001,1.07016
"exness","EURUSD","2023-06-07 00:01:51.815Z",1.07009,1.07016
"exness","EURUSD","2023-06-07 00:01:51.819Z",1.07008,1.07014
"exness","EURUSD","2023-06-07 00:01:51.855Z",1.07006,1.07012
"exness","EURUSD","2023-06-07 00:01:52.415Z",1.07005,1.0701100000000001
"exness","EURUSD","2023-06-07 00:01:55.896Z",1.07003,1.07009
"exness","EURUSD","2023-06-07 00:01:56.159Z",1.07002,1.07008
"exness","EURUSD","2023-06-07 00:01:56.238Z",1.07,1.07006
"exness","EURUSD","2023-06-07 00:02:00.701Z",1.06999,1.07005
"exness","EURUSD","2023-06-07 00:02:05.231Z",1.07001,1.07007
"exness","EURUSD","2023-06-07 00:02:05.253Z",1.07003,1.07009
"exness","EURUSD","2023-06-07 00:02:05.712Z",1.07004,1.07009
"exness","EURUSD","2023-06-07 00:02:08.939Z",1.07005,1.0701100000000001
"exness","EURUSD","2023-06-07 00:02:09.106Z",1.07006,1.07012
"exness","EURUSD","2023-06-07 00:02:11.508Z",1.07007,1.07014
"exness","EURUSD","2023-06-07 00:02:11.566Z",1.07009,1.07014
"exness","EURUSD","2023-06-07 00:02:14.550Z",1.07008,1.07014
"exness","EURUSD","2023-06-07 00:02:19.918Z",1.07009,1.07015
"exness","EURUSD","2023-06-07 00:02:20.808Z",1.07008,1.07013
"exness","EURUSD","2023-06-07 00:02:25.264Z",1.07006,1.07012
"exness","EURUSD","2023-06-07 00:02:26.316Z",1.07004,1.0701100000000001
"exness","EURUSD","2023-06-07 00:02:27.219Z",1.07004,1.07009
"exness","EURUSD","2023-06-07 00:02:27.544Z",1.07003,1.07009
"exness","EURUSD","2023-06-07 00:02:27.691Z",1.07001,1.07007
"exness","EURUSD","2023-06-07 00:02:30.122Z",1.07,1.07005
"exness","EURUSD","2023-06-07 00:02:30.582Z",1.06998,1.07004
"exness","EURUSD","2023-06-07 00:02:34.410Z",1.07,1.07006
"exness","EURUSD","2023-06-07 00:02:34.414Z",1.07001,1.07008
"exness","EURUSD","2023-06-07 00:02:34.427Z",1.07003,1.07009
"exness","EURUSD","2023-06-07 00:02:34.445Z",1.07005,1.07012
"exness","EURUSD","2023-06-07 00:02:34.455Z",1.07007,1.07013
"exness","EURUSD","2023-06-07 00:02:34.505Z",1.07009,1.07015
"exness","EURUSD","2023-06-07 00:02:34.519Z",1.0701100000000001,1.07017
"exness","EURUSD","2023-06-07 00:02:34.525Z",1.07013,1.07019
"exness","EURUSD","2023-06-07 00:02:34.565Z",1.07014,1.0702099999999999
"exness","EURUSD","2023-06-07 00:02:34.584Z",1.07016,1.07022
"exness","EURUSD","2023-06-07 00:02:34.596Z",1.07017,1.07024
"exness","EURUSD","2023-06-07 00:02:38.972Z",1.07016,1.07022
"exness","EURUSD","2023-06-07 00:02:38.987Z",1.07014,1.0702
"exness","EURUSD","2023-06-07 00:02:38.992Z",1.07013,1.07019
"exness","EURUSD","2023-06-07 00:02:39.014Z",1.0701100000000001,1.07017
"exness","EURUSD","2023-06-07 00:02:39.074Z",1.0701100000000001,1.07016
"exness","EURUSD","2023-06-07 00:02:39.098Z",1.07009,1.07015
"exness","EURUSD","2023-06-07 00:02:40.164Z",1.07007,1.07013
"exness","EURUSD","2023-06-07 00:02:40.224Z",1.07005,1.07012
"exness","EURUSD","2023-06-07 00:02:40.242Z",1.07004,1.0701
"exness","EURUSD","2023-06-07 00:02:40.266Z",1.07002,1.07009
"exness","EURUSD","2023-06-07 00:02:41.376Z",1.07001,1.07007
"exness","EURUSD","2023-06-07 00:02:42.248Z",1.07,1.07006
"exness","EURUSD","2023-06-07 00:02:45.570Z",1.06998,1.07004
"exness","EURUSD","2023-06-07 00:02:45.745Z",1.06996,1.07002
"exness","EURUSD","2023-06-07 00:02:45.783Z",1.06996,1.07001
"exness","EURUSD","2023-06-07 00:02:46.799Z",1.06996,1.07002
"exness","EURUSD","2023-06-07 00:02:49.395Z",1.06994,1.07
"exness","EURUSD","2023-06-07 00:02:49.564Z",1.06993,1.06998
"exness","EURUSD","2023-06-07 00:02:50.747Z",1.06992,1.06998
"exness","EURUSD","2023-06-07 00:02:54.325Z",1.06991,1.06997
"exness","EURUSD","2023-06-07 00:02:54.346Z",1.06989,1.06995
"exness","EURUSD","2023-06-07 00:02:54.912Z",1.06989,1.06994
"exness","EURUSD","2023-06-07 00:02:55.004Z",1.06987,1.06993
"exness","EURUSD","2023-06-07 00:02:56.010Z",1.06986,1.06992
"exness","EURUSD","2023-06-07 00:02:56.109Z",1.06984,1.06991
"exness","EURUSD","2023-06-07 00:02:56.293Z",1.06986,1.06991
"exness","EURUSD","2023-06-07 00:02:57.726Z",1.06987,1.06993
"exness","EURUSD","2023-06-07 00:02:57.802Z",1.06989,1.06995
"exness","EURUSD","2023-06-07 00:03:00.017Z",1.0699,1.06995
"exness","EURUSD","2023-06-07 00:03:03.227Z",1.06988,1.06995
"exness","EURUSD","2023-06-07 00:03:04.891Z",1.06986,1.06992
"exness","EURUSD","2023-06-07 00:03:04.902Z",1.06984,1.0699
"exness","EURUSD","2023-06-07 00:03:05.942Z",1.06983,1.06989
"exness","EURUSD","2023-06-07 00:03:06.208Z",1.06981,1.06987
"exness","EURUSD","2023-06-07 00:03:11.703Z",1.06984,1.0699
"exness","EURUSD","2023-06-07 00:03:12.754Z",1.06984,1.06989
"exness","EURUSD","2023-06-07 00:03:13.987Z",1.06985,1.06991
"exness","EURUSD","2023-06-07 00:03:14.506Z",1.06987,1.06992
"exness","EURUSD","2023-06-07 00:03:15.791Z",1.06987,1.06993
"exness","EURUSD","2023-06-07 00:03:16.141Z",1.06985,1.06992
"exness","EURUSD","2023-06-07 00:03:22.809Z",1.06987,1.06993
"exness","EURUSD","2023-06-07 00:03:22.826Z",1.06988,1.06994
"exness","EURUSD","2023-06-07 00:03:22.883Z",1.0699,1.06996
"exness","EURUSD","2023-06-07 00:03:23.339Z",1.06988,1.06994
"exness","EURUSD","2023-06-07 00:03:26.093Z",1.06988,1.06993
"exness","EURUSD","2023-06-07 00:03:26.167Z",1.06986,1.06992
"exness","EURUSD","2023-06-07 00:03:26.408Z",1.06985,1.0699
"exness","EURUSD","2023-06-07 00:03:26.424Z",1.06984,1.0699
"exness","EURUSD","2023-06-07 00:03:30.988Z",1.06983,1.06988
"exness","EURUSD","2023-06-07 00:03:32.240Z",1.06981,1.06987
"exness","EURUSD","2023-06-07 00:03:32.289Z",1.06981,1.06986
"exness","EURUSD","2023-06-07 00:03:32.320Z",1.06979,1.06985
"exness","EURUSD","2023-06-07 00:03:33.810Z",1.06978,1.06984
"exness","EURUSD","2023-06-07 00:03:34.292Z",1.06978,1.06983
"exness","EURUSD","2023-06-07 00:03:35.373Z",1.06978,1.06984
"exness","EURUSD","2023-06-07 00:03:36.415Z",1.06977,1.06983
"exness","EURUSD","2023-06-07 00:03:38.094Z",1.06979,1.06985
"exness","EURUSD","2023-06-07 00:03:38.142Z",1.0698,1.06987
"exness","EURUSD","2023-06-07 00:03:40.394Z",1.06982,1.06988
"exness","EURUSD","2023-06-07 00:03:42.258Z",1.06984,1.0699
"exness","EURUSD","2023-06-07 00:03:43.457Z",1.06985,1.06991
"exness","EURUSD","2023-06-07 00:03:48.987Z",1.06986,1.06993
"exness","EURUSD","2023-06-07 00:03:58.239Z",1.06985,1.06991
"exness","EURUSD","2023-06-07 00:03:58.793Z",1.06984,1.0699
"exness","EURUSD","2023-06-07 00:04:01.000Z",1.06985,1.0699
"exness","EURUSD","2023-06-07 00:04:02.051Z",1.06986,1.06992
"exness","EURUSD","2023-06-07 00:04:08.274Z",1.06988,1.06993
"exness","EURUSD","2023-06-07 00:04:11.078Z",1.06985,1.06992
"exness","EURUSD","2023-06-07 00:04:15.765Z",1.06983,1.06989
"exness","EURUSD","2023-06-07 00:04:21.182Z",1.06983,1.06988
"exness","EURUSD","2023-06-07 00:04:27.883Z",1.06984,1.0699
"exness","EURUSD","2023-06-07 00:04:27.908Z",1.06985,1.06991
"exness","EURUSD","2023-06-07 00:04:27.962Z",1.06987,1.06993
"exness","EURUSD","2023-06-07 00:04:44.116Z",1.06985,1.06992
"exness","EURUSD","2023-06-07 00:04:44.240Z",1.06984,1.0699
"exness","EURUSD","2023-06-07 00:04:45.048Z",1.06982,1.06988
"exness","EURUSD","2023-06-07 00:04:45.317Z",1.0698,1.06987
"exness","EURUSD","2023-06-07 00:04:46.864Z",1.06978,1.06984
"exness","EURUSD","2023-06-07 00:04:49.145Z",1.06978,1.06983
"exness","EURUSD","2023-06-07 00:04:51.907Z",1.06975,1.06982
"exness","EURUSD","2023-06-07 00:04:54.071Z",1.06975,1.0698
"exness","EURUSD","2023-06-07 00:05:03.048Z",1.06976,1.06982
"exness","EURUSD","2023-06-07 00:05:05.262Z",1.06978,1.06983
"exness","EURUSD","2023-06-07 00:05:08.412Z",1.06978,1.06984
"exness","EURUSD","2023-06-07 00:05:08.435Z",1.0698,1.06986
"exness","EURUSD","2023-06-07 00:05:09.147Z",1.06981,1.06988
"exness","EURUSD","2023-06-07 00:05:10.464Z",1.06981,1.06986
"exness","EURUSD","2023-06-07 00:05:15.571Z",1.06979,1.06985
"exness","EURUSD","2023-06-07 00:05:15.691Z",1.06977,1.06984
"exness","EURUSD","2023-06-07 00:05:30.925Z",1.06975,1.06982
"exness","EURUSD","2023-06-07 00:05:31.177Z",1.06974,1.06979
"exness","EURUSD","2023-06-07 00:05:32.393Z",1.06974,1.06981
"exness","EURUSD","2023-06-07 00:05:47.049Z",1.06976,1.06982
"exness","EURUSD","2023-06-07 00:05:49.208Z",1.06977,1.06983
"exness","EURUSD","2023-06-07 00:06:04.083Z",1.06979,1.06985
"exness","EURUSD","2023-06-07 00:06:04.229Z",1.0698,1.06987
"exness","EURUSD","2023-06-07 00:06:05.588Z",1.06983,1.06989
"exness","EURUSD","2023-06-07 00:06:06.708Z",1.06984,1.0699
"exness","EURUSD","2023-06-07 00:06:08.180Z",1.06984,1.06989
"exness","EURUSD","2023-06-07 00:06:09.698Z",1.06982,1.06989
"exness","EURUSD","2023-06-07 00:06:19.509Z",1.06981,1.06987
"exness","EURUSD","2023-06-07 00:06:19.531Z",1.06981,1.06986
"exness","EURUSD","2023-06-07 00:06:20.309Z",1.06979,1.06985
"exness","EURUSD","2023-06-07 00:06:24.516Z",1.06978,1.06984
"exness","EURUSD","2023-06-07 00:06:44.827Z",1.06977,1.06983
"exness","EURUSD","2023-06-07 00:06:54.141Z",1.06978,1.06983
"exness","EURUSD","2023-06-07 00:07:16.574Z",1.06979,1.06985
"exness","EURUSD","2023-06-07 00:07:25.610Z",1.06979,1.06984
"exness","EURUSD","2023-06-07 00:07:26.630Z",1.06977,1.06984
"exness","EURUSD","2023-06-07 00:07:50.371Z",1.06975,1.06981
"exness","EURUSD","2023-06-07 00:07:50.406Z",1.06973,1.0698
"exness","EURUSD","2023-06-07 00:07:52.380Z",1.06972,1.06978
"exness","EURUSD","2023-06-07 00:08:08.774Z",1.06974,1.0698
"exness","EURUSD","2023-06-07 00:08:12.431Z",1.06975,1.0698
"exness","EURUSD","2023-06-07 00:08:27.130Z",1.06974,1.0698
"exness","EURUSD","2023-06-07 00:08:33.324Z",1.06973,1.06978
"exness","EURUSD","2023-06-07 00:08:53.203Z",1.06973,1.0698
"exness","EURUSD","2023-06-07 00:08:54.999Z",1.06975,1.06981
"exness","EURUSD","2023-06-07 00:08:55.003Z",1.06976,1.06983
"exness","EURUSD","2023-06-07 00:08:55.028Z",1.06978,1.06984
"exness","EURUSD","2023-06-07 00:08:55.043Z",1.0698,1.06986
"exness","EURUSD","2023-06-07 00:08:55.077Z",1.06981,1.06987
"exness","EURUSD","2023-06-07 00:08:55.115Z",1.06983,1.06989
"exness","EURUSD","2023-06-07 00:08:55.130Z",1.06984,1.0699
"exness","EURUSD","2023-06-07 00:08:55.178Z",1.06986,1.06992
"exness","EURUSD","2023-06-07 00:08:55.379Z",1.06987,1.06992
"exness","EURUSD","2023-06-07 00:09:05.003Z",1.06988,1.06994
"exness","EURUSD","2023-06-07 00:09:05.938Z",1.06989,1.06995
"exness","EURUSD","2023-06-07 00:09:06.030Z",1.06991,1.06997
"exness","EURUSD","2023-06-07 00:09:07.075Z",1.06989,1.06996
"exness","EURUSD","2023-06-07 00:09:15.154Z",1.06988,1.06994
"exness","EURUSD","2023-06-07 00:09:24.572Z",1.0699,1.06995
"exness","EURUSD","2023-06-07 00:09:43.424Z",1.06988,1.06994
"exness","EURUSD","2023-06-07 00:10:06.147Z",1.06989,1.06996
"exness","EURUSD","2023-06-07 00:10:06.179Z",1.06991,1.06997
"exness","EURUSD","2023-06-07 00:10:06.187Z",1.06993,1.06999
"exness","EURUSD","2023-06-07 00:10:06.206Z",1.06994,1.07
"exness","EURUSD","2023-06-07 00:10:06.212Z",1.06996,1.07002
"exness","EURUSD","2023-06-07 00:10:06.224Z",1.06997,1.07004
"exness","EURUSD","2023-06-07 00:10:06.236Z",1.06999,1.07005
"exness","EURUSD","2023-06-07 00:10:06.242Z",1.07001,1.07007
"exness","EURUSD","2023-06-07 00:10:06.262Z",1.07003,1.07009
"exness","EURUSD","2023-06-07 00:10:06.283Z",1.07004,1.0701
"exness","EURUSD","2023-06-07 00:10:06.326Z",1.07003,1.07009
"exness","EURUSD","2023-06-07 00:10:07.319Z",1.07001,1.07007
"exness","EURUSD","2023-06-07 00:10:16.479Z",1.07002,1.07009
"exness","EURUSD","2023-06-07 00:10:42.117Z",1.07,1.07006
"exness","EURUSD","2023-06-07 00:10:43.183Z",1.06999,1.07005
"exness","EURUSD","2023-06-07 00:10:54.127Z",1.06998,1.07003
"exness","EURUSD","2023-06-07 00:11:03.551Z",1.06996,1.07002
"exness","EURUSD","2023-06-07 00:11:03.593Z",1.06994,1.07001
"exness","EURUSD","2023-06-07 00:11:03.611Z",1.06993,1.06999
"exness","EURUSD","2023-06-07 00:11:05.791Z",1.06993,1.06998
"exness","EURUSD","2023-06-07 00:11:05.908Z",1.06991,1.06997
"exness","EURUSD","2023-06-07 00:11:11.080Z",1.06992,1.06999
"exness","EURUSD","2023-06-07 00:11:21.124Z",1.06994,1.07
"exness","EURUSD","2023-06-07 00:11:21.145Z",1.06996,1.07002
"exness","EURUSD","2023-06-07 00:11:21.168Z",1.06997,1.07003
"exness","EURUSD","2023-06-07 00:11:21.177Z",1.06999,1.07005
"exness","EURUSD","2023-06-07 00:11:21.360Z",1.07,1.07006
"exness","EURUSD","2023-06-07 00:11:22.408Z",1.07002,1.07008
"exness","EURUSD","2023-06-07 00:11:27.665Z",1.07003,1.07009
"exness","EURUSD","2023-06-07 00:11:45.945Z",1.07001,1.07007
"exness","EURUSD","2023-06-07 00:11:46.553Z",1.07,1.07006
"exness","EURUSD","2023-06-07 00:11:50.354Z",1.07002,1.07007
"exness","EURUSD","2023-06-07 00:11:52.068Z",1.07002,1.07009
"exness","EURUSD","2023-06-07 00:11:59.781Z",1.07004,1.0701
"exness","EURUSD","2023-06-07 00:12:03.666Z",1.07005,1.07012
"exness","EURUSD","2023-06-07 00:12:03.712Z",1.07007,1.07013
"exness","EURUSD","2023-06-07 00:12:04.067Z",1.07009,1.07014
"exness","EURUSD","2023-06-07 00:12:11.386Z",1.07007,1.07013
"exness","EURUSD","2023-06-07 00:12:21.308Z",1.07009,1.07015
"exness","EURUSD","2023-06-07 00:12:23.763Z",1.0701100000000001,1.07017
"exness","EURUSD","2023-06-07 00:12:24.387Z",1.07012,1.07019
"exness","EURUSD","2023-06-07 00:12:26.225Z",1.0701,1.07016
"exness","EURUSD","2023-06-07 00:12:26.996Z",1.07009,1.07015
"exness","EURUSD","2023-06-07 00:12:31.655Z",1.07007,1.07013
"exness","EURUSD","2023-06-07 00:12:33.223Z",1.07007,1.07012
"exness","EURUSD","2023-06-07 00:12:35.770Z",1.07004,1.0701100000000001
"exness","EURUSD","2023-06-07 00:12:35.840Z",1.07006,1.0701100000000001
"exness","EURUSD","2023-06-07 00:12:36.853Z",1.07006,1.07012
"exness","EURUSD","2023-06-07 00:12:39.388Z",1.07007,1.07013
"exness","EURUSD","2023-06-07 00:12:47.454Z",1.07006,1.0701100000000001
"exness","EURUSD","2023-06-07 00:12:53.664Z",1.07006,1.07013
"exness","EURUSD","2023-06-07 00:13:01.113Z",1.07007,1.07014
"exness","EURUSD","2023-06-07 00:13:04.123Z",1.07006,1.0701100000000001
"exness","EURUSD","2023-06-07 00:13:04.145Z",1.07005,1.0701100000000001
"exness","EURUSD","2023-06-07 00:13:05.273Z",1.07002,1.07009
"exness","EURUSD","2023-06-07 00:13:06.501Z",1.07002,1.07007
"exness","EURUSD","2023-06-07 00:13:09.355Z",1.07,1.07006
"exness","EURUSD","2023-06-07 00:13:09.416Z",1.06999,1.07005
"exness","EURUSD","2023-06-07 00:13:20.732Z",1.07,1.07005
"exness","EURUSD","2023-06-07 00:13:22.934Z",1.07,1.07006
"exness","EURUSD","2023-06-07 00:13:31.783Z",1.07,1.07005
"exness","EURUSD","2023-06-07 00:13:35.337Z",1.07001,1.07007
"exness","EURUSD","2023-06-07 00:13:35.340Z",1.07002,1.07008
"exness","EURUSD","2023-06-07 00:13:35.427Z",1.07004,1.0701
"exness","EURUSD","2023-06-07 00:13:35.937Z",1.07005,1.0701
"exness","EURUSD","2023-06-07 00:13:42.726Z",1.07003,1.07009
"exness","EURUSD","2023-06-07 00:13:44.899Z",1.07003,1.07008
"exness","EURUSD","2023-06-07 00:13:49.790Z",1.07003,1.07009
"exness","EURUSD","2023-06-07 00:13:52.266Z",1.07005,1.0701100000000001
"exness","EURUSD","2023-06-07 00:14:03.510Z",1.07005,1.0701
"exness","EURUSD","2023-06-07 00:14:15.066Z",1.07006,1.07012
"exness","EURUSD","2023-06-07 00:14:16.172Z",1.07007,1.07013
"exness","EURUSD","2023-06-07 00:14:21.965Z",1.07008,1.07013
"exness","EURUSD","2023-06-07 00:14:32.614Z",1.07009,1.07016
"exness","EURUSD","2023-06-07 00:14:32.667Z",1.0701100000000001,1.07017
"exness","EURUSD","2023-06-07 00:14:43.052Z",1.07013,1.07018
"exness","EURUSD","2023-06-07 00:14:44.084Z",1.07012,1.07018
"exness","EURUSD","2023-06-07 00:14:46.231Z",1.0701,1.07016
"exness","EURUSD","2023-06-07 00:14:46.243Z",1.07009,1.07015
"exness","EURUSD","2023-06-07 00:14:46.257Z",1.07007,1.07013
"exness","EURUSD","2023-06-07 00:14:46.264Z",1.07005,1.07012
"exness","EURUSD","2023-06-07 00:14:47.650Z",1.07007,1.07012
"exness","EURUSD","2023-06-07 00:14:57.874Z",1.07005,1.07012
"exness","EURUSD","2023-06-07 00:15:02.661Z",1.07007,1.07014
"exness","EURUSD","2023-06-07 00:15:02.688Z",1.07009,1.07014
"exness","EURUSD","2023-06-07 00:15:03.949Z",1.07009,1.07015
"exness","EURUSD","2023-06-07 00:15:03.983Z",1.0701100000000001,1.07017
"exness","EURUSD","2023-06-07 00:15:05.152Z",1.07012,1.07018
"exness","EURUSD","2023-06-07 00:15:08.018Z",1.0701100000000001,1.07017
"exness","EURUSD","2023-06-07 00:15:08.058Z",1.0701,1.07016
"exness","EURUSD","2023-06-07 00:15:08.676Z",1.07012,1.07017
"exness","EURUSD","2023-06-07 00:15:09.036Z",1.0701,1.07016
"exness","EURUSD","2023-06-07 00:15:11.549Z",1.07009,1.07015
"exness","EURUSD","2023-06-07 00:15:12.273Z",1.0701,1.07016
"exness","EURUSD","2023-06-07 00:15:13.534Z",1.0701100000000001,1.07016
"exness","EURUSD","2023-06-07 00:15:16.835Z",1.0701,1.07016
"exness","EURUSD","2023-06-07 00:15:17.407Z",1.0701,1.07015
"exness","EURUSD","2023-06-07 00:15:17.827Z",1.0701,1.07016
"exness","EURUSD","2023-06-07 00:15:21.686Z",1.07008,1.07014
"exness","EURUSD","2023-06-07 00:15:23.993Z",1.07006,1.07012
"exness","EURUSD","2023-06-07 00:15:25.295Z",1.07005,1.0701100000000001
"exness","EURUSD","2023-06-07 00:15:25.374Z",1.07006,1.07012
"exness","EURUSD","2023-06-07 00:15:26.568Z",1.07007,1.07012
"exness","EURUSD","2023-06-07 00:15:34.710Z",1.07008,1.07014
"exness","EURUSD","2023-06-07 00:15:40.369Z",1.07009,1.07015
"exness","EURUSD","2023-06-07 00:15:40.401Z",1.0701100000000001,1.07017
"exness","EURUSD","2023-06-07 00:15:44.389Z",1.07013,1.07018
"exness","EURUSD","2023-06-07 00:15:50.348Z",1.0701100000000001,1.07017
"exness","EURUSD","2023-06-07 00:15:52.949Z",1.0701,1.07015
"exness","EURUSD","2023-06-07 00:15:58.512Z",1.07009,1.07015
"exness","EURUSD","2023-06-07 00:16:00.705Z",1.07009,1.07014
"exness","EURUSD","2023-06-07 00:16:00.970Z",1.07009,1.07016
"exness","EURUSD","2023-06-07 00:16:01.364Z",1.0701100000000001,1.07017
"exness","EURUSD","2023-06-07 00:16:03.977Z",1.07012,1.07017
"exness","EURUSD","2023-06-07 00:16:11.445Z",1.07012,1.07019
"exness","EURUSD","2023-06-07 00:16:12.738Z",1.07013,1.0702
"exness","EURUSD","2023-06-07 00:16:18.549Z",1.07015,1.0702
"exness","EURUSD","2023-06-07 00:16:21.493Z",1.07013,1.07019
"exness","EURUSD","2023-06-07 00:16:33.503Z",1.07012,1.07018
"exness","EURUSD","2023-06-07 00:17:07.076Z",1.07013,1.07018
"exness","EURUSD","2023-06-07 00:17:09.587Z",1.07012,1.07018
"exness","EURUSD","2023-06-07 00:17:14.621Z",1.07013,1.07019
"exness","EURUSD","2023-06-07 00:17:34.857Z",1.07014,1.0702099999999999
"exness","EURUSD","2023-06-07 00:17:36.969Z",1.07016,1.07022
"exness","EURUSD","2023-06-07 00:17:45.056Z",1.07017,1.07023
"exness","EURUSD","2023-06-07 00:17:50.383Z",1.07018,1.07023
"exness","EURUSD","2023-06-07 00:18:15.292Z",1.07017,1.07023
"exness","EURUSD","2023-06-07 00:18:15.348Z",1.07018,1.07025
"exness","EURUSD","2023-06-07 00:18:17.920Z",1.0702,1.07026
"exness","EURUSD","2023-06-07 00:18:19.072Z",1.07019,1.07025
"exness","EURUSD","2023-06-07 00:18:21.783Z",1.0702099999999999,1.07027
"exness","EURUSD","2023-06-07 00:18:24.012Z",1.07023,1.07028
"exness","EURUSD","2023-06-07 00:18:35.820Z",1.07023,1.07029
"exness","EURUSD","2023-06-07 00:18:35.844Z",1.07024,1.07031
"exness","EURUSD","2023-06-07 00:18:37.745Z",1.07026,1.07032
"exness","EURUSD","2023-06-07 00:18:48.905Z",1.07025,1.07031
"exness","EURUSD","2023-06-07 00:19:04.173Z",1.07027,1.07032
"exness","EURUSD","2023-06-07 00:19:09.476Z",1.07025,1.07032
"exness","EURUSD","2023-06-07 00:19:16.755Z",1.07025,1.0703
"exness","EURUSD","2023-06-07 00:19:31.939Z",1.07025,1.07031
"exness","EURUSD","2023-06-07 00:19:39.326Z",1.07026,1.07033
"exness","EURUSD","2023-06-07 00:19:40.781Z",1.07028,1.07034
"exness","EURUSD","2023-06-07 00:19:46.299Z",1.07027,1.07032
"exness","EURUSD","2023-06-07 00:19:47.425Z",1.07027,1.07034
"exness","EURUSD","2023-06-07 00:20:10.413Z",1.07029,1.07035
"exness","EURUSD","2023-06-07 00:20:10.449Z",1.0703,1.07037
"exness","EURUSD","2023-06-07 00:20:11.627Z",1.07032,1.07038
"exness","EURUSD","2023-06-07 00:20:13.090Z",1.07031,1.07037
"exness","EURUSD","2023-06-07 00:20:13.561Z",1.07029,1.07035
"exness","EURUSD","2023-06-07 00:20:16.743Z",1.0703,1.07037
"exness","EURUSD","2023-06-07 00:20:16.839Z",1.07032,1.07037
"exness","EURUSD","2023-06-07 00:20:19.473Z",1.0703,1.07037
"exness","EURUSD","2023-06-07 00:20:25.331Z",1.07029,1.07035
"exness","EURUSD","2023-06-07 00:20:25.688Z",1.07029,1.07034
"exness","EURUSD","2023-06-07 00:20:27.023Z",1.07027,1.07034
"exness","EURUSD","2023-06-07 00:20:28.371Z",1.07025,1.07032
"exness","EURUSD","2023-06-07 00:20:28.523Z",1.07027,1.07032
"exness","EURUSD","2023-06-07 00:20:29.337Z",1.07026,1.07032
"exness","EURUSD","2023-06-07 00:20:34.813Z",1.07024,1.07031
"exness","EURUSD","2023-06-07 00:20:35.394Z",1.07024,1.07029
"exness","EURUSD","2023-06-07 00:20:36.486Z",1.07023,1.07029
"exness","EURUSD","2023-06-07 00:20:40.609Z",1.07022,1.07028
"exness","EURUSD","2023-06-07 00:20:40.656Z",1.0702,1.07026
"exness","EURUSD","2023-06-07 00:20:40.701Z",1.07019,1.07025
"exness","EURUSD","2023-06-07 00:20:41.001Z",1.0702,1.07026
"exness","EURUSD","2023-06-07 00:20:42.409Z",1.0702099999999999,1.07026
"exness","EURUSD","2023-06-07 00:20:46.216Z",1.0702099999999999,1.07028
"exness","EURUSD","2023-06-07 00:20:46.614Z",1.07023,1.07028
"exness","EURUSD","2023-06-07 00:20:54.225Z",1.07022,1.07028
"exness","EURUSD","2023-06-07 00:21:02.786Z",1.0702,1.07027
"exness","EURUSD","2023-06-07 00:21:13.295Z",1.0702099999999999,1.07028
"exness","EURUSD","2023-06-07 00:21:17.778Z",1.07023,1.07028
"exness","EURUSD","2023-06-07 00:21:27.589Z",1.07024,1.0703
"exness","EURUSD","2023-06-07 00:21:36.484Z",1.07024,1.07029
"exness","EURUSD","2023-06-07 00:21:43.323Z",1.07024,1.07031
"exness","EURUSD","2023-06-07 00:21:43.340Z",1.07026,1.07032
"exness","EURUSD","2023-06-07 00:21:43.359Z",1.07027,1.07034
"exness","EURUSD","2023-06-07 00:21:44.549Z",1.07028,1.07035
"exness","EURUSD","2023-06-07 00:21:57.407Z",1.07026,1.07032
"exness","EURUSD","2023-06-07 00:22:06.121Z",1.07027,1.07033
"exness","EURUSD","2023-06-07 00:22:07.146Z",1.07026,1.07032
"exness","EURUSD","2023-06-07 00:22:09.172Z",1.07028,1.07034
"exness","EURUSD","2023-06-07 00:22:18.833Z",1.07029,1.07035
"exness","EURUSD","2023-06-07 00:22:18.840Z",1.07031,1.07037
"exness","EURUSD","2023-06-07 00:22:18.851Z",1.07032,1.07038
"exness","EURUSD","2023-06-07 00:22:21.935Z",1.07034,1.07039
"exness","EURUSD","2023-06-07 00:22:23.876Z",1.07033,1.07039
"exness","EURUSD","2023-06-07 00:22:41.111Z",1.07031,1.07037
"exness","EURUSD","2023-06-07 00:22:41.202Z",1.0703,1.07036
"exness","EURUSD","2023-06-07 00:22:49.074Z",1.07031,1.07038
"exness","EURUSD","2023-06-07 00:22:57.637Z",1.07033,1.07038
"exness","EURUSD","2023-06-07 00:23:06.604Z",1.07033,1.07039
"exness","EURUSD","2023-06-07 00:23:06.613Z",1.07034,1.07041
"exness","EURUSD","2023-06-07 00:23:06.641Z",1.07036,1.07042
"exness","EURUSD","2023-06-07 00:23:07.516Z",1.07037,1.07044
"exness","EURUSD","2023-06-07 00:23:08.795Z",1.07037,1.07042
"exness","EURUSD","2023-06-07 00:23:21.660Z",1.07036,1.07042
"exness","EURUSD","2023-06-07 00:23:49.131Z",1.07035,1.07041
"exness","EURUSD","2023-06-07 00:23:49.182Z",1.07033,1.07039
"exness","EURUSD","2023-06-07 00:23:57.546Z",1.07031,1.07037
"exness","EURUSD","2023-06-07 00:24:01.870Z",1.07033,1.07039
"exness","EURUSD","2023-06-07 00:24:32.993Z",1.07033,1.07038
"exness","EURUSD","2023-06-07 00:24:40.250Z",1.07033,1.0704
"exness","EURUSD","2023-06-07 00:24:55.659Z",1.07031,1.07038
"exness","EURUSD","2023-06-07 00:25:00.086Z",1.07033,1.07038
"exness","EURUSD","2023-06-07 00:25:00.992Z",1.07031,1.07037
"exness","EURUSD","2023-06-07 00:25:02.138Z",1.07031,1.07036
"exness","EURUSD","2023-06-07 00:25:09.662Z",1.07031,1.07037
"exness","EURUSD","2023-06-07 00:25:11.149Z",1.0703,1.07036
"exness","EURUSD","2023-06-07 00:25:11.405Z",1.07028,1.07035
"exness","EURUSD","2023-06-07 00:25:13.136Z",1.07028,1.07033
"exness","EURUSD","2023-06-07 00:25:18.148Z",1.07026,1.07032
"exness","EURUSD","2023-06-07 00:25:21.934Z",1.07026,1.07031
"exness","EURUSD","2023-06-07 00:25:25.228Z",1.07024,1.0703
"exness","EURUSD","2023-06-07 00:25:25.963Z",1.07024,1.07029
"exness","EURUSD","2023-06-07 00:25:31.339Z",1.07022,1.07029
"exness","EURUSD","2023-06-07 00:25:41.784Z",1.0702099999999999,1.07027
"exness","EURUSD","2023-06-07 00:25:41.827Z",1.0702,1.07026
"exness","EURUSD","2023-06-07 00:25:41.855Z",1.07018,1.07024
"exness","EURUSD","2023-06-07 00:25:42.044Z",1.07017,1.07023
"exness","EURUSD","2023-06-07 00:25:43.048Z",1.07015,1.07022
"exness","EURUSD","2023-06-07 00:25:49.486Z",1.07017,1.07023
"exness","EURUSD","2023-06-07 00:26:01.423Z",1.07016,1.07022
"exness","EURUSD","2023-06-07 00:26:11.529Z",1.07015,1.0702
"exness","EURUSD","2023-06-07 00:26:13.783Z",1.07013,1.0702
"exness","EURUSD","2023-06-07 00:26:18.675Z",1.07012,1.07018
"exness","EURUSD","2023-06-07 00:26:20.078Z",1.07013,1.0702
"exness","EURUSD","2023-06-07 00:26:20.502Z",1.07015,1.0702099999999999
"exness","EURUSD","2023-06-07 00:26:35.077Z",1.07016,1.07022
"exness","EURUSD","2023-06-07 00:26:36.831Z",1.07015,1.0702099999999999
"exness","EURUSD","2023-06-07 00:26:36.905Z",1.07013,1.07019
"exness","EURUSD","2023-06-07 00:26:44.708Z",1.07013,1.07018
"exness","EURUSD","2023-06-07 00:27:02.424Z",1.0701100000000001,1.07018
"exness","EURUSD","2023-06-07 00:27:02.471Z",1.0701,1.07016
"exness","EURUSD","2023-06-07 00:27:02.492Z",1.07008,1.07014
"exness","EURUSD","2023-06-07 00:27:03.070Z",1.07007,1.07013
"exness","EURUSD","2023-06-07 00:27:06.615Z",1.07005,1.07012
"exness","EURUSD","2023-06-07 00:27:06.693Z",1.07004,1.0701
"exness","EURUSD","2023-06-07 00:27:07.764Z",1.07005,1.0701
"exness","EURUSD","2023-06-07 00:27:09.418Z",1.07006,1.07012
"exness","EURUSD","2023-06-07 00:27:13.283Z",1.07008,1.07013
"exness","EURUSD","2023-06-07 00:27:35.060Z",1.07009,1.07015
"exness","EURUSD","2023-06-07 00:27:35.360Z",1.0701,1.07017
"exness","EURUSD","2023-06-07 00:27:37.648Z",1.0701,1.07015
"exness","EURUSD","2023-06-07 00:27:37.665Z",1.07009,1.07015
"exness","EURUSD","2023-06-07 00:27:40.092Z",1.07007,1.07014
"exness","EURUSD","2023-06-07 00:27:45.355Z",1.07009,1.07016
"exness","EURUSD","2023-06-07 00:27:46.443Z",1.0701100000000001,1.07016
"exness","EURUSD","2023-06-07 00:27:47.357Z",1.0701100000000001,1.07017
"exness","EURUSD","2023-06-07 00:27:51.692Z",1.07012,1.07018
"exness","EURUSD","2023-06-07 00:27:55.150Z",1.07013,1.07019
"exness","EURUSD","2023-06-07 00:27:55.769Z",1.07015,1.0702099999999999
"exness","EURUSD","2023-06-07 00:27:58.286Z",1.07016,1.07022
"exness","EURUSD","2023-06-07 00:28:00.100Z",1.07017,1.07022
"exness","EURUSD","2023-06-07 00:28:01.589Z",1.07016,1.07022
"exness","EURUSD","2023-06-07 00:28:01.607Z",1.07014,1.0702
"exness","EURUSD","2023-06-07 00:28:03.895Z",1.07012,1.07018
"exness","EURUSD","2023-06-07 00:28:18.930Z",1.07013,1.07019
"exness","EURUSD","2023-06-07 00:28:24.701Z",1.07015,1.0702099999999999
"exness","EURUSD","2023-06-07 00:28:56.375Z",1.07015,1.0702
"exness","EURUSD","2023-06-07 00:28:57.858Z",1.07015,1.0702099999999999
"exness","EURUSD","2023-06-07 00:28:58.241Z",1.07017,1.07022
"exness","EURUSD","2023-06-07 00:29:00.694Z",1.07015,1.07022
"exness","EURUSD","2023-06-07 00:29:09.280Z",1.07014,1.0702
"exness","EURUSD","2023-06-07 00:29:09.828Z",1.07014,1.07019
"exness","EURUSD","2023-06-07 00:29:18.200Z",1.07012,1.07018
"exness","EURUSD","2023-06-07 00:29:22.654Z",1.0701,1.07017
"exness","EURUSD","2023-06-07 00:29:23.818Z",1.07009,1.07015
"exness","EURUSD","2023-06-07 00:29:25.197Z",1.07009,1.07014
"exness","EURUSD","2023-06-07 00:29:25.227Z",1.07007,1.07013
"exness","EURUSD","2023-06-07 00:29:25.889Z",1.07005,1.07012
"exness","EURUSD","2023-06-07 00:29:28.406Z",1.07004,1.0701100000000001
"exness","EURUSD","2023-06-07 00:29:28.634Z",1.07004,1.07009
"exness","EURUSD","2023-06-07 00:29:40.245Z",1.07005,1.0701100000000001
"exness","EURUSD","2023-06-07 00:29:44.903Z",1.07006,1.07012
"exness","EURUSD","2023-06-07 00:30:00.951Z",1.07005,1.0701
"exness","EURUSD","2023-06-07 00:30:02.095Z",1.07005,1.0701100000000001
"exness","EURUSD","2023-06-07 00:30:04.552Z",1.07003,1.07009
"exness","EURUSD","2023-06-07 00:30:22.057Z",1.07005,1.0701100000000001
"exness","EURUSD","2023-06-07 00:30:22.845Z",1.07007,1.07012
"exness","EURUSD","2023-06-07 00:30:29.425Z",1.07005,1.0701100000000001
"exness","EURUSD","2023-06-07 00:30:36.801Z",1.07006,1.0701100000000001
"exness","EURUSD","2023-06-07 00:30:39.952Z",1.07007,1.07013
"exness","EURUSD","2023-06-07 00:31:15.035Z",1.07005,1.07012
"exness","EURUSD","2023-06-07 00:31:15.705Z",1.07004,1.0701
"exness","EURUSD","2023-06-07 00:31:17.092Z",1.07003,1.07009
"exness","EURUSD","2023-06-07 00:31:33.361Z",1.07,1.07006
"exness","EURUSD","2023-06-07 00:31:33.428Z",1.07,1.07005
"exness","EURUSD","2023-06-07 00:31:34.185Z",1.06998,1.07004
"exness","EURUSD","2023-06-07 00:31:34.227Z",1.06997,1.07003
"exness","EURUSD","2023-06-07 00:31:34.709Z",1.06996,1.07001
"exness","EURUSD","2023-06-07 00:31:36.893Z",1.06994,1.07
"exness","EURUSD","2023-06-07 00:31:48.876Z",1.06992,1.06998
"exness","EURUSD","2023-06-07 00:32:10.866Z",1.06989,1.06996
"exness","EURUSD","2023-06-07 00:32:10.933Z",1.06988,1.06994
"exness","EURUSD","2023-06-07 00:32:13.420Z",1.06987,1.06992
"exness","EURUSD","2023-06-07 00:32:15.083Z",1.06986,1.06992
"exness","EURUSD","2023-06-07 00:32:17.354Z",1.06987,1.06993
"exness","EURUSD","2023-06-07 00:32:18.045Z",1.06988,1.06994
"exness","EURUSD","2023-06-07 00:32:27.823Z",1.06988,1.06993
"exness","EURUSD","2023-06-07 00:33:12.974Z",1.06987,1.06993
"exness","EURUSD","2023-06-07 00:33:25.475Z",1.06988,1.06993
"exness","EURUSD","2023-06-07 00:33:41.375Z",1.06989,1.06995
"exness","EURUSD","2023-06-07 00:33:41.394Z",1.06991,1.06997
"exness","EURUSD","2023-06-07 00:33:46.512Z",1.06988,1.06995
"exness","EURUSD","2023-06-07 00:33:51.375Z",1.06986,1.06992
"exness","EURUSD","2023-06-07 00:33:54.606Z",1.06985,1.06991
"exness","EURUSD","2023-06-07 00:33:55.111Z",1.06983,1.06989
"exness","EURUSD","2023-06-07 00:33:57.387Z",1.06985,1.0699
"exness","EURUSD","2023-06-07 00:33:58.483Z",1.06983,1.06989
"exness","EURUSD","2023-06-07 00:34:15.565Z",1.0698,1.06987
"exness","EURUSD","2023-06-07 00:34:15.574Z",1.06979,1.06985
"exness","EURUSD","2023-06-07 00:34:16.728Z",1.06978,1.06984
"exness","EURUSD","2023-06-07 00:34:19.505Z",1.06978,1.06983
"exness","EURUSD","2023-06-07 00:34:27.573Z",1.06979,1.06985
"exness","EURUSD","2023-06-07 00:34:27.615Z",1.06981,1.06987
"exness","EURUSD","2023-06-07 00:34:27.670Z",1.06982,1.06988
"exness","EURUSD","2023-06-07 00:34:30.270Z",1.06982,1.06987
"exness","EURUSD","2023-06-07 00:34:38.169Z",1.06982,1.06988
"exness","EURUSD","2023-06-07 00:35:01.047Z",1.0698,1.06986
"exness","EURUSD","2023-06-07 00:35:01.085Z",1.06978,1.06984
"exness","EURUSD","2023-06-07 00:35:06.680Z",1.06978,1.06983
"exness","EURUSD","2023-06-07 00:35:53.397Z",1.06979,1.06985
"exness","EURUSD","2023-06-07 00:35:53.435Z",1.0698,1.06987
"exness","EURUSD","2023-06-07 00:35:53.882Z",1.06982,1.06988
"exness","EURUSD","2023-06-07 00:36:03.414Z",1.06983,1.06989
"exness","EURUSD","2023-06-07 00:36:03.480Z",1.06985,1.06991
"exness","EURUSD","2023-06-07 00:36:03.531Z",1.06986,1.06992
"exness","EURUSD","2023-06-07 00:36:04.556Z",1.06987,1.06992
"exness","EURUSD","2023-06-07 00:36:05.700Z",1.06986,1.06992
"exness","EURUSD","2023-06-07 00:36:12.463Z",1.06984,1.0699
"exness","EURUSD","2023-06-07 00:36:22.432Z",1.06985,1.06991
"exness","EURUSD","2023-06-07 00:36:22.482Z",1.06987,1.06993
"exness","EURUSD","2023-06-07 00:36:32.467Z",1.06988,1.06993
"exness","EURUSD","2023-06-07 00:37:00.940Z",1.06989,1.06995
"exness","EURUSD","2023-06-07 00:37:01.194Z",1.06991,1.06997
"exness","EURUSD","2023-06-07 00:37:03.587Z",1.06992,1.06997
"exness","EURUSD","2023-06-07 00:37:06.499Z",1.06992,1.06998
"exness","EURUSD","2023-06-07 00:37:19.441Z",1.06994,1.07001
"exness","EURUSD","2023-06-07 00:37:19.465Z",1.06996,1.07002
"exness","EURUSD","2023-06-07 00:37:20.716Z",1.06997,1.07003
"exness","EURUSD","2023-06-07 00:37:41.172Z",1.06998,1.07004
"exness","EURUSD","2023-06-07 00:37:49.605Z",1.06997,1.07003
"exness","EURUSD","2023-06-07 00:38:04.695Z",1.06999,1.07005
"exness","EURUSD","2023-06-07 00:38:04.711Z",1.07,1.07007
"exness","EURUSD","2023-06-07 00:38:04.793Z",1.07002,1.07008
"exness","EURUSD","2023-06-07 00:38:05.524Z",1.07004,1.0701
"exness","EURUSD","2023-06-07 00:38:05.544Z",1.07005,1.0701100000000001
"exness","EURUSD","2023-06-07 00:38:06.349Z",1.07007,1.07013
"exness","EURUSD","2023-06-07 00:38:14.200Z",1.07006,1.07012
"exness","EURUSD","2023-06-07 00:38:15.084Z",1.07005,1.0701
"exness","EURUSD","2023-06-07 00:38:18.899Z",1.07004,1.0701
"exness","EURUSD","2023-06-07 00:38:31.505Z",1.07002,1.07009
"exness","EURUSD","2023-06-07 00:38:47.965Z",1.07005,1.0701100000000001
"exness","EURUSD","2023-06-07 00:38:49.188Z",1.07006,1.07012
"exness","EURUSD","2023-06-07 00:38:50.333Z",1.07008,1.07014
"exness","EURUSD","2023-06-07 00:38:51.646Z",1.07009,1.07014
"exness","EURUSD","2023-06-07 00:38:51.698Z",1.0701,1.07016
"exness","EURUSD","2023-06-07 00:38:56.826Z",1.07012,1.07017
"exness","EURUSD","2023-06-07 00:39:08.387Z",1.07012,1.07018
"exness","EURUSD","2023-06-07 00:39:22.204Z",1.07013,1.0702
"exness","EURUSD","2023-06-07 00:39:37.872Z",1.07015,1.0702099999999999
"exness","EURUSD","2023-06-07 00:39:38.861Z",1.07016,1.0702099999999999
"exness","EURUSD","2023-06-07 00:39:39.677Z",1.07015,1.0702099999999999
"exness","EURUSD","2023-06-07 00:39:42.723Z",1.07016,1.07022
"exness","EURUSD","2023-06-07 00:39:49.876Z",1.07018,1.07023
"exness","EURUSD","2023-06-07 00:39:52.885Z",1.07018,1.07024
"exness","EURUSD","2023-06-07 00:40:01.654Z",1.07019,1.07025
"exness","EURUSD","2023-06-07 00:40:01.709Z",1.0702,1.07027
"exness","EURUSD","2023-06-07 00:40:02.200Z",1.07022,1.07028
"exness","EURUSD","2023-06-07 00:40:03.678Z",1.07022,1.07027
"exness","EURUSD","2023-06-07 00:40:06.200Z",1.07022,1.07028
"exness","EURUSD","2023-06-07 00:40:07.253Z",1.07024,1.0703
"exness","EURUSD","2023-06-07 00:40:07.293Z",1.07026,1.07031
"exness","EURUSD","2023-06-07 00:40:07.705Z",1.07024,1.0703
"exness","EURUSD","2023-06-07 00:40:11.620Z",1.07023,1.07029
"exness","EURUSD","2023-06-07 00:40:15.430Z",1.07024,1.0703
"exness","EURUSD","2023-06-07 00:40:20.733Z",1.07022,1.07028
"exness","EURUSD","2023-06-07 00:40:36.072Z",1.07024,1.07029
"exness","EURUSD","2023-06-07 00:40:43.809Z",1.07022,1.07028
"exness","EURUSD","2023-06-07 00:40:49.055Z",1.0702099999999999,1.07027
"exness","EURUSD","2023-06-07 00:40:52.800Z",1.07022,1.07027
"exness","EURUSD","2023-06-07 00:40:57.136Z",1.07023,1.07029
"exness","EURUSD","2023-06-07 00:41:00.723Z",1.07024,1.0703
"exness","EURUSD","2023-06-07 00:41:01.501Z",1.07026,1.07031
"exness","EURUSD","2023-06-07 00:41:01.855Z",1.07024,1.0703
"exness","EURUSD","2023-06-07 00:41:11.568Z",1.07024,1.07029
"exness","EURUSD","2023-06-07 00:41:12.818Z",1.07024,1.0703
"exness","EURUSD","2023-06-07 00:41:54.866Z",1.07023,1.07029
"exness","EURUSD","2023-06-07 00:42:05.711Z",1.0702,1.07027
"exness","EURUSD","2023-06-07 00:42:07.065Z",1.07022,1.07028
"exness","EURUSD","2023-06-07 00:42:21.153Z",1.07023,1.07029
"exness","EURUSD","2023-06-07 00:42:45.005Z",1.07024,1.0703
"exness","EURUSD","2023-06-07 00:42:45.342Z",1.07026,1.07032
"exness","EURUSD","2023-06-07 00:42:58.465Z",1.07027,1.07033
"exness","EURUSD","2023-06-07 00:43:00.660Z",1.07029,1.07034
"exness","EURUSD","2023-06-07 00:43:03.377Z",1.0703,1.07036
"exness","EURUSD","2023-06-07 00:43:03.385Z",1.07031,1.07037
"exness","EURUSD","2023-06-07 00:43:03.550Z",1.07033,1.07039
"exness","EURUSD","2023-06-07 00:43:03.841Z",1.07034,1.0704
"exness","EURUSD","2023-06-07 00:43:03.922Z",1.07036,1.07042
"exness","EURUSD","2023-06-07 00:43:16.321Z",1.07035,1.0704
"exness","EURUSD","2023-06-07 00:43:16.581Z",1.07033,1.0704
"exness","EURUSD","2023-06-07 00:43:20.016Z",1.07033,1.07038
"exness","EURUSD","2023-06-07 00:43:31.420Z",1.07032,1.07038
"exness","EURUSD","2023-06-07 00:43:32.984Z",1.0703,1.07037
"exness","EURUSD","2023-06-07 00:43:33.031Z",1.07029,1.07035
"exness","EURUSD","2023-06-07 00:43:34.497Z",1.07028,1.07034
"exness","EURUSD","2023-06-07 00:43:39.127Z",1.07028,1.07033
"exness","EURUSD","2023-06-07 00:43:40.147Z",1.07026,1.07033
"exness","EURUSD","2023-06-07 00:43:45.573Z",1.07028,1.07033
"exness","EURUSD","2023-06-07 00:43:50.860Z",1.07029,1.07035
"exness","EURUSD","2023-06-07 00:43:52.898Z",1.07031,1.07036
"exness","EURUSD","2023-06-07 00:43:58.423Z",1.07031,1.07037
"exness","EURUSD","2023-06-07 00:44:03.979Z",1.0703,1.07035
"exness","EURUSD","2023-06-07 00:44:08.159Z",1.07029,1.07035
"exness","EURUSD","2023-06-07 00:44:20.228Z",1.07027,1.07033
"exness","EURUSD","2023-06-07 00:44:22.134Z",1.07026,1.07032
"exness","EURUSD","2023-06-07 00:44:24.761Z",1.07027,1.07034
"exness","EURUSD","2023-06-07 00:44:26.494Z",1.07029,1.07035
"exness","EURUSD","2023-06-07 00:44:27.695Z",1.0703,1.07036
"exness","EURUSD","2023-06-07 00:44:37.273Z",1.07032,1.07038
"exness","EURUSD","2023-06-07 00:44:40.009Z",1.07034,1.07039
"exness","EURUSD","2023-06-07 00:44:56.928Z",1.07033,1.0704
"exness","EURUSD","2023-06-07 00:45:03.281Z",1.07035,1.07041
"exness","EURUSD","2023-06-07 00:45:10.319Z",1.07034,1.0704
"exness","EURUSD","2023-06-07 00:45:18.760Z",1.07035,1.07041
"exness","EURUSD","2023-06-07 00:45:21.141Z",1.07035,1.0704
"exness","EURUSD","2023-06-07 00:45:37.053Z",1.07033,1.07039
"exness","EURUSD","2023-06-07 00:45:44.228Z",1.07034,1.07039
"exness","EURUSD","2023-06-07 00:45:56.736Z",1.07035,1.07041
"exness","EURUSD","2023-06-07 00:46:15.072Z",1.07035,1.0704
"exness","EURUSD","2023-06-07 00:46:16.261Z",1.07035,1.07041
"exness","EURUSD","2023-06-07 00:46:34.397Z",1.07036,1.07043
"exness","EURUSD","2023-06-07 00:46:34.440Z",1.07038,1.07044
"exness","EURUSD","2023-06-07 00:46:37.154Z",1.07039,1.07045
"exness","EURUSD","2023-06-07 00:46:44.714Z",1.07038,1.07044
"exness","EURUSD","2023-06-07 00:46:59.426Z",1.07039,1.07044
"exness","EURUSD","2023-06-07 00:47:13.598Z",1.0704,1.07046
"exness","EURUSD","2023-06-07 00:47:24.850Z",1.07039,1.07044
"exness","EURUSD","2023-06-07 00:47:34.029Z",1.07039,1.07045
"exness","EURUSD","2023-06-07 00:47:49.850Z",1.0704,1.07045
"exness","EURUSD","2023-06-07 00:47:52.460Z",1.07041,1.07047
"exness","EURUSD","2023-06-07 00:48:01.208Z",1.07039,1.07045
"exness","EURUSD","2023-06-07 00:49:09.469Z",1.07037,1.07043
"exness","EURUSD","2023-06-07 00:49:09.483Z",1.07035,1.07042
"exness","EURUSD","2023-06-07 00:49:09.524Z",1.07034,1.0704
"exness","EURUSD","2023-06-07 00:49:09.552Z",1.07032,1.07039
"exness","EURUSD","2023-06-07 00:49:09.559Z",1.07031,1.07037
"exness","EURUSD","2023-06-07 00:49:15.426Z",1.07029,1.07035
"exness","EURUSD","2023-06-07 00:49:22.492Z",1.07027,1.07033
"exness","EURUSD","2023-06-07 00:49:23.665Z",1.07026,1.07032
"exness","EURUSD","2023-06-07 00:49:32.700Z",1.07027,1.07033
"exness","EURUSD","2023-06-07 00:49:35.349Z",1.07028,1.07035
"exness","EURUSD","2023-06-07 00:49:40.124Z",1.07027,1.07034
"exness","EURUSD","2023-06-07 00:49:40.215Z",1.07029,1.07035
"exness","EURUSD","2023-06-07 00:49:40.246Z",1.0703,1.07037
"exness","EURUSD","2023-06-07 00:49:40.297Z",1.07032,1.07038
"exness","EURUSD","2023-06-07 00:49:47.617Z",1.07033,1.07038
"exness","EURUSD","2023-06-07 00:49:49.264Z",1.07034,1.0704
"exness","EURUSD","2023-06-07 00:49:49.378Z",1.07036,1.07041
"exness","EURUSD","2023-06-07 00:49:55.502Z",1.07036,1.07042
"exness","EURUSD","2023-06-07 00:50:06.323Z",1.07037,1.07043
"exness","EURUSD","2023-06-07 00:50:07.525Z",1.07038,1.07043
"exness","EURUSD","2023-06-07 00:50:12.036Z",1.07036,1.07042
"exness","EURUSD","2023-06-07 00:50:12.060Z",1.07034,1.0704
"exness","EURUSD","2023-06-07 00:50:12.094Z",1.07033,1.07039
"exness","EURUSD","2023-06-07 00:50:12.586Z",1.07032,1.07037
"exness","EURUSD","2023-06-07 00:50:12.671Z",1.0703,1.07037
"exness","EURUSD","2023-06-07 00:50:13.906Z",1.07029,1.07035
"exness","EURUSD","2023-06-07 00:50:13.972Z",1.07029,1.07034
"exness","EURUSD","2023-06-07 00:50:14.786Z",1.07027,1.07032
"exness","EURUSD","2023-06-07 00:50:16.828Z",1.07026,1.07032
"exness","EURUSD","2023-06-07 00:50:37.204Z",1.07025,1.07031
"exness","EURUSD","2023-06-07 00:50:52.989Z",1.07023,1.07029
"exness","EURUSD","2023-06-07 00:50:54.370Z",1.07022,1.07028
"exness","EURUSD","2023-06-07 00:50:54.487Z",1.0702,1.07026
"exness","EURUSD","2023-06-07 00:50:54.827Z",1.07019,1.07025
"exness","EURUSD","2023-06-07 00:50:55.286Z",1.0702,1.07026
"exness","EURUSD","2023-06-07 00:50:57.954Z",1.07022,1.07029
"exness","EURUSD","2023-06-07 00:50:58.975Z",1.07024,1.0703
"exness","EURUSD","2023-06-07 00:51:02.482Z",1.07025,1.0703
"exness","EURUSD","2023-06-07 00:51:02.625Z",1.07024,1.0703
"exness","EURUSD","2023-06-07 00:51:02.644Z",1.07022,1.07029
"exness","EURUSD","2023-06-07 00:51:02.660Z",1.0702099999999999,1.07027
"exness","EURUSD","2023-06-07 00:51:07.324Z",1.07022,1.07028
"exness","EURUSD","2023-06-07 00:51:13.074Z",1.07023,1.0703
"exness","EURUSD","2023-06-07 00:51:14.448Z",1.07022,1.07028
"exness","EURUSD","2023-06-07 00:51:18.064Z",1.0702099999999999,1.07027
"exness","EURUSD","2023-06-07 00:51:19.717Z",1.07023,1.07029
"exness","EURUSD","2023-06-07 00:51:20.002Z",1.07025,1.07031
"exness","EURUSD","2023-06-07 00:51:20.036Z",1.07026,1.07032
"exness","EURUSD","2023-06-07 00:51:21.264Z",1.07028,1.07033
"exness","EURUSD","2023-06-07 00:51:29.846Z",1.07026,1.07032
"exness","EURUSD","2023-06-07 00:51:29.960Z",1.07024,1.0703
"exness","EURUSD","2023-06-07 00:51:31.661Z",1.07026,1.07032
"exness","EURUSD","2023-06-07 00:51:40.250Z",1.07027,1.07033
"exness","EURUSD","2023-06-07 00:52:05.419Z",1.07025,1.07032
"exness","EURUSD","2023-06-07 00:52:05.628Z",1.07024,1.0703
"exness","EURUSD","2023-06-07 00:52:05.970Z",1.07024,1.07029
"exness","EURUSD","2023-06-07 00:52:06.838Z",1.07022,1.07028
"exness","EURUSD","2023-06-07 00:52:06.926Z",1.0702,1.07027
"exness","EURUSD","2023-06-07 00:52:07.047Z",1.07019,1.07025
"exness","EURUSD","2023-06-07 00:52:11.270Z",1.07018,1.07024
"exness","EURUSD","2023-06-07 00:52:20.613Z",1.07016,1.07023
"exness","EURUSD","2023-06-07 00:52:20.635Z",1.07015,1.0702099999999999
"exness","EURUSD","2023-06-07 00:52:21.032Z",1.07013,1.07019
"exness","EURUSD","2023-06-07 00:52:23.045Z",1.07012,1.07018
"exness","EURUSD","2023-06-07 00:52:25.336Z",1.07013,1.0702
"exness","EURUSD","2023-06-07 00:52:25.519Z",1.07015,1.0702099999999999
"exness","EURUSD","2023-06-07 00:52:27.464Z",1.07014,1.0702
"exness","EURUSD","2023-06-07 00:52:30.054Z",1.07013,1.07018
"exness","EURUSD","2023-06-07 00:53:01.141Z",1.07013,1.07019
"exness","EURUSD","2023-06-07 00:53:04.095Z",1.07014,1.0702099999999999
"exness","EURUSD","2023-06-07 00:53:06.829Z",1.07016,1.07022
"exness","EURUSD","2023-06-07 00:53:16.386Z",1.07017,1.07022
"exness","EURUSD","2023-06-07 00:53:17.594Z",1.07015,1.0702099999999999
"exness","EURUSD","2023-06-07 00:53:18.507Z",1.07013,1.0702
"exness","EURUSD","2023-06-07 00:53:25.293Z",1.07012,1.07019
"exness","EURUSD","2023-06-07 00:53:52.834Z",1.07014,1.0702
"exness","EURUSD","2023-06-07 00:53:53.545Z",1.07013,1.07019
"exness","EURUSD","2023-06-07 00:53:59.521Z",1.07012,1.07017
"exness","EURUSD","2023-06-07 00:54:00.960Z",1.07012,1.07019
"exness","EURUSD","2023-06-07 00:54:05.338Z",1.0701,1.07016
"exness","EURUSD","2023-06-07 00:54:05.414Z",1.07008,1.07015
"exness","EURUSD","2023-06-07 00:54:06.471Z",1.07007,1.07014
"exness","EURUSD","2023-06-07 00:54:12.669Z",1.07006,1.07012
"exness","EURUSD","2023-06-07 00:54:12.750Z",1.07004,1.0701100000000001
"exness","EURUSD","2023-06-07 00:54:12.792Z",1.07003,1.07009
"exness","EURUSD","2023-06-07 00:54:13.292Z",1.07003,1.07008
"exness","EURUSD","2023-06-07 00:54:13.894Z",1.07001,1.07007
"exness","EURUSD","2023-06-07 00:54:14.627Z",1.07003,1.07008
"exness","EURUSD","2023-06-07 00:54:14.993Z",1.07003,1.07009
"exness","EURUSD","2023-06-07 00:54:15.541Z",1.07005,1.0701100000000001
"exness","EURUSD","2023-06-07 00:54:19.205Z",1.07006,1.0701100000000001
"exness","EURUSD","2023-06-07 00:54:23.139Z",1.07006,1.07013
"exness","EURUSD","2023-06-07 00:54:35.996Z",1.07004,1.0701
"exness","EURUSD","2023-06-07 00:54:38.047Z",1.07003,1.07008
"exness","EURUSD","2023-06-07 00:54:46.599Z",1.07003,1.07009
"exness","EURUSD","2023-06-07 00:54:59.158Z",1.07001,1.07007
"exness","EURUSD","2023-06-07 00:54:59.300Z",1.07,1.07006
"exness","EURUSD","2023-06-07 00:54:59.319Z",1.06998,1.07004
"exness","EURUSD","2023-06-07 00:54:59.323Z",1.06996,1.07003
"exness","EURUSD","2023-06-07 00:54:59.337Z",1.06998,1.07004
"exness","EURUSD","2023-06-07 00:54:59.363Z",1.07,1.07006
"exness","EURUSD","2023-06-07 00:54:59.395Z",1.07001,1.07007
"exness","EURUSD","2023-06-07 00:55:00.279Z",1.06999,1.07005
"exness","EURUSD","2023-06-07 00:55:02.369Z",1.06998,1.07004
"exness","EURUSD","2023-06-07 00:55:04.477Z",1.06996,1.07002
"exness","EURUSD","2023-06-07 00:55:14.505Z",1.06995,1.07001
"exness","EURUSD","2023-06-07 00:55:14.623Z",1.06993,1.07
"exness","EURUSD","2023-06-07 00:55:15.845Z",1.06995,1.07
"exness","EURUSD","2023-06-07 00:55:17.646Z",1.06993,1.07
"exness","EURUSD","2023-06-07 00:55:21.094Z",1.06992,1.06999
"exness","EURUSD","2023-06-07 00:55:23.320Z",1.06992,1.06997
"exness","EURUSD","2023-06-07 00:55:32.679Z",1.06989,1.06996
"exness","EURUSD","2023-06-07 00:55:33.118Z",1.06989,1.06994
"exness","EURUSD","2023-06-07 00:55:40.898Z",1.06988,1.06994
"exness","EURUSD","2023-06-07 00:55:59.650Z",1.06986,1.06992
"exness","EURUSD","2023-06-07 00:55:59.880Z",1.06984,1.0699
"exness","EURUSD","2023-06-07 00:56:01.173Z",1.06983,1.06989
"exness","EURUSD","2023-06-07 00:56:05.159Z",1.06984,1.06991
"exness","EURUSD","2023-06-07 00:56:05.200Z",1.06986,1.06992
"exness","EURUSD","2023-06-07 00:56:06.202Z",1.06987,1.06994
"exness","EURUSD","2023-06-07 00:56:16.704Z",1.0699,1.06996
"exness","EURUSD","2023-06-07 00:56:16.796Z",1.06991,1.06998
"exness","EURUSD","2023-06-07 00:56:21.834Z",1.0699,1.06997
"exness","EURUSD","2023-06-07 00:56:22.766Z",1.0699,1.06995
"exness","EURUSD","2023-06-07 00:56:23.829Z",1.06988,1.06995
"exness","EURUSD","2023-06-07 00:56:37.553Z",1.0699,1.06996
"exness","EURUSD","2023-06-07 00:56:41.171Z",1.06992,1.06997
"exness","EURUSD","2023-06-07 00:56:41.663Z",1.06992,1.06999
"exness","EURUSD","2023-06-07 00:57:12.600Z",1.06994,1.07
"exness","EURUSD","2023-06-07 00:57:17.391Z",1.06994,1.06999
"exness","EURUSD","2023-06-07 00:57:19.049Z",1.06993,1.06999
"exness","EURUSD","2023-06-07 00:57:35.732Z",1.06991,1.06997
"exness","EURUSD","2023-06-07 00:57:42.017Z",1.06992,1.06999
"exness","EURUSD","2023-06-07 00:57:42.257Z",1.06994,1.06999
"exness","EURUSD","2023-06-07 00:57:43.346Z",1.06993,1.06999
"exness","EURUSD","2023-06-07 00:58:00.769Z",1.06994,1.07
"exness","EURUSD","2023-06-07 00:58:00.786Z",1.06996,1.07002
"exness","EURUSD","2023-06-07 00:58:43.820Z",1.06998,1.07004
"exness","EURUSD","2023-06-07 00:58:52.883Z",1.06999,1.07005
"exness","EURUSD","2023-06-07 00:58:53.363Z",1.07001,1.07007
"exness","EURUSD","2023-06-07 00:58:53.495Z",1.07002,1.07009
"exness","EURUSD","2023-06-07 00:59:02.570Z",1.07004,1.07009
"exness","EURUSD","2023-06-07 00:59:12.049Z",1.07004,1.0701
"exness","EURUSD","2023-06-07 00:59:55.289Z",1.07003,1.07009
"exness","EURUSD","2023-06-07 00:59:56.280Z",1.07001,1.07007
"exness","EURUSD","2023-06-07 00:59:59.850Z",1.07003,1.07008
"exness","EURUSD","2023-06-07 01:00:02.076Z",1.07003,1.0701
"exness","EURUSD","2023-06-07 01:00:08.892Z",1.07002,1.07008
"exness","EURUSD","2023-06-07 01:00:18.873Z",1.07003,1.07008
"exness","EURUSD","2023-06-07 01:00:25.812Z",1.07003,1.0701
"exness","EURUSD","2023-06-07 01:00:31.311Z",1.07005,1.0701100000000001
"exness","EURUSD","2023-06-07 01:00:31.383Z",1.07006,1.07013
"exness","EURUSD","2023-06-07 01:00:31.545Z",1.07008,1.07014
"exness","EURUSD","2023-06-07 01:00:42.637Z",1.07006,1.07012
"exness","EURUSD","2023-06-07 01:00:43.695Z",1.07004,1.0701100000000001
"exness","EURUSD","2023-06-07 01:00:45.176Z",1.07004,1.07009
"exness","EURUSD","2023-06-07 01:00:47.345Z",1.07002,1.07009
"exness","EURUSD","2023-06-07 01:01:07.597Z",1.07004,1.0701
"exness","EURUSD","2023-06-07 01:01:10.064Z",1.07002,1.07009
"exness","EURUSD","2023-06-07 01:01:12.581Z",1.07004,1.07009
"exness","EURUSD","2023-06-07 01:01:12.958Z",1.07004,1.0701100000000001
"exness","EURUSD","2023-06-07 01:01:13.633Z",1.07006,1.07012
"exness","EURUSD","2023-06-07 01:01:17.351Z",1.07007,1.07013
"exness","EURUSD","2023-06-07 01:01:27.473Z",1.07006,1.07012
"exness","EURUSD","2023-06-07 01:01:27.803Z",1.07005,1.0701
"exness","EURUSD","2023-06-07 01:01:28.415Z",1.07003,1.0701
"exness","EURUSD","2023-06-07 01:01:38.648Z",1.07003,1.07008
"exness","EURUSD","2023-06-07 01:01:42.625Z",1.07002,1.07008
"exness","EURUSD","2023-06-07 01:01:52.906Z",1.07001,1.07007
"exness","EURUSD","2023-06-07 01:01:59.675Z",1.07002,1.07008
"exness","EURUSD","2023-06-07 01:02:01.273Z",1.07002,1.07007
"exness","EURUSD","2023-06-07 01:02:01.690Z",1.07,1.07006
"exness","EURUSD","2023-06-07 01:02:01.906Z",1.06999,1.07005
"exness","EURUSD","2023-06-07 01:02:02.212Z",1.06997,1.07003
"exness","EURUSD","2023-06-07 01:02:02.257Z",1.06996,1.07002
"exness","EURUSD","2023-06-07 01:02:02.309Z",1.06994,1.07
"exness","EURUSD","2023-06-07 01:02:03.417Z",1.06993,1.06999
"exness","EURUSD","2023-06-07 01:02:05.527Z",1.06993,1.06998
"exness","EURUSD","2023-06-07 01:02:19.589Z",1.06991,1.06998
"exness","EURUSD","2023-06-07 01:02:41.664Z",1.06989,1.06996
"exness","EURUSD","2023-06-07 01:02:46.368Z",1.06991,1.06996
"exness","EURUSD","2023-06-07 01:02:47.065Z",1.06991,1.06997
"exness","EURUSD","2023-06-07 01:02:49.996Z",1.06991,1.06996
"exness","EURUSD","2023-06-07 01:02:50.026Z",1.06989,1.06996
"exness","EURUSD","2023-06-07 01:02:50.196Z",1.06988,1.06994
"exness","EURUSD","2023-06-07 01:03:17.446Z",1.06989,1.06995
"exness","EURUSD","2023-06-07 01:03:18.465Z",1.0699,1.06996
"exness","EURUSD","2023-06-07 01:03:21.855Z",1.06991,1.06998
"exness","EURUSD","2023-06-07 01:03:22.026Z",1.06993,1.06998
"exness","EURUSD","2023-06-07 01:03:24.443Z",1.06991,1.06997
"exness","EURUSD","2023-06-07 01:03:24.521Z",1.06989,1.06995
"exness","EURUSD","2023-06-07 01:03:28.884Z",1.06989,1.06994
"exness","EURUSD","2023-06-07 01:03:32.677Z",1.06988,1.06994
"exness","EURUSD","2023-06-07 01:03:36.658Z",1.06985,1.06992
"exness","EURUSD","2023-06-07 01:03:36.764Z",1.06985,1.0699
"exness","EURUSD","2023-06-07 01:03:37.825Z",1.06984,1.0699
"exness","EURUSD","2023-06-07 01:03:37.893Z",1.06983,1.06988
"exness","EURUSD","2023-06-07 01:03:43.059Z",1.06985,1.06991
"exness","EURUSD","2023-06-07 01:03:43.070Z",1.06986,1.06993
"exness","EURUSD","2023-06-07 01:03:43.421Z",1.06988,1.06993
"exness","EURUSD","2023-06-07 01:03:44.486Z",1.06988,1.06994
"exness","EURUSD","2023-06-07 01:03:53.095Z",1.0699,1.06996
"exness","EURUSD","2023-06-07 01:03:53.175Z",1.06991,1.06997
"exness","EURUSD","2023-06-07 01:03:54.760Z",1.06992,1.06999
"exness","EURUSD","2023-06-07 01:03:54.811Z",1.06994,1.07
"exness","EURUSD","2023-06-07 01:03:54.826Z",1.06996,1.07002
"exness","EURUSD","2023-06-07 01:03:55.045Z",1.06997,1.07003
"exness","EURUSD","2023-06-07 01:03:58.354Z",1.06998,1.07005
"exness","EURUSD","2023-06-07 01:03:58.535Z",1.07,1.07006
"exness","EURUSD","2023-06-07 01:03:59.070Z",1.07002,1.07007
"exness","EURUSD","2023-06-07 01:03:59.194Z",1.07,1.07006
"exness","EURUSD","2023-06-07 01:03:59.334Z",1.06998,1.07005
"exness","EURUSD","2023-06-07 01:04:04.965Z",1.06997,1.07003
"exness","EURUSD","2023-06-07 01:04:29.323Z",1.06998,1.07004
"exness","EURUSD","2023-06-07 01:04:32.039Z",1.07,1.07006
"exness","EURUSD","2023-06-07 01:04:32.046Z",1.07001,1.07008
"exness","EURUSD","2023-06-07 01:04:33.072Z",1.07003,1.07008
"exness","EURUSD","2023-06-07 01:04:42.334Z",1.07001,1.07008
"exness","EURUSD","2023-06-07 01:04:44.237Z",1.07,1.07006
"exness","EURUSD","2023-06-07 01:04:47.486Z",1.07001,1.07007
"exness","EURUSD","2023-06-07 01:04:54.622Z",1.06999,1.07005
"exness","EURUSD","2023-06-07 01:04:57.818Z",1.06998,1.07004
"exness","EURUSD","2023-06-07 01:05:00.322Z",1.06998,1.07003
"exness","EURUSD","2023-06-07 01:05:06.414Z",1.06997,1.07003
"exness","EURUSD","2023-06-07 01:05:20.983Z",1.06999,1.07004
"exness","EURUSD","2023-06-07 01:05:21.018Z",1.06999,1.07005
"exness","EURUSD","2023-06-07 01:05:21.091Z",1.07001,1.07007
"exness","EURUSD","2023-06-07 01:05:24.258Z",1.07002,1.07008
"exness","EURUSD","2023-06-07 01:05:30.504Z",1.07003,1.07009
"exness","EURUSD","2023-06-07 01:05:56.545Z",1.07002,1.07008
"exness","EURUSD","2023-06-07 01:06:00.980Z",1.07,1.07006
"exness","EURUSD","2023-06-07 01:06:02.304Z",1.07,1.07005
"exness","EURUSD","2023-06-07 01:06:08.154Z",1.07,1.07006
"exness","EURUSD","2023-06-07 01:06:09.349Z",1.07001,1.07007
"exness","EURUSD","2023-06-07 01:06:12.592Z",1.07001,1.07006
"exness","EURUSD","2023-06-07 01:06:15.174Z",1.07001,1.07007
"exness","EURUSD","2023-06-07 01:06:22.587Z",1.07002,1.07008
"exness","EURUSD","2023-06-07 01:06:23.285Z",1.07003,1.0701
"exness","EURUSD","2023-06-07 01:06:32.089Z",1.07001,1.07007
"exness","EURUSD","2023-06-07 01:06:32.875Z",1.07,1.07006
"exness","EURUSD","2023-06-07 01:06:33.844Z",1.06998,1.07004
"exness","EURUSD","2023-06-07 01:06:39.105Z",1.06997,1.07003
"exness","EURUSD","2023-06-07 01:06:54.805Z",1.06995,1.07002
"exness","EURUSD","2023-06-07 01:07:02.832Z",1.06994,1.07
"exness","EURUSD","2023-06-07 01:07:03.567Z",1.06994,1.06999
"exness","EURUSD","2023-06-07 01:07:04.811Z",1.06994,1.07
"exness","EURUSD","2023-06-07 01:07:05.841Z",1.06996,1.07001
"exness","EURUSD","2023-06-07 01:07:06.033Z",1.06996,1.07003
"exness","EURUSD","2023-06-07 01:07:16.148Z",1.06994,1.07
"exness","EURUSD","2023-06-07 01:07:17.123Z",1.06992,1.06999
"exness","EURUSD","2023-06-07 01:07:38.160Z",1.06994,1.07
"exness","EURUSD","2023-06-07 01:07:39.069Z",1.06996,1.07002
"exness","EURUSD","2023-06-07 01:07:39.410Z",1.06997,1.07002
"exness","EURUSD","2023-06-07 01:07:44.310Z",1.06994,1.07001
"exness","EURUSD","2023-06-07 01:07:46.395Z",1.06993,1.07
"exness","EURUSD","2023-06-07 01:07:50.566Z",1.06993,1.06998
"exness","EURUSD","2023-06-07 01:08:04.291Z",1.06991,1.06997
"exness","EURUSD","2023-06-07 01:08:04.964Z",1.06992,1.06997
"exness","EURUSD","2023-06-07 01:08:06.074Z",1.06992,1.06998
"exness","EURUSD","2023-06-07 01:08:18.883Z",1.06994,1.07
"exness","EURUSD","2023-06-07 01:08:18.891Z",1.06996,1.07002
"exness","EURUSD","2023-06-07 01:08:25.774Z",1.06994,1.07
"exness","EURUSD","2023-06-07 01:08:25.798Z",1.06992,1.06999
"exness","EURUSD","2023-06-07 01:08:32.846Z",1.06991,1.06998
"exness","EURUSD","2023-06-07 01:08:51.539Z",1.06992,1.06999
"exness","EURUSD","2023-06-07 01:08:52.588Z",1.06994,1.06999
"exness","EURUSD","2023-06-07 01:09:00.640Z",1.06993,1.06999
"exness","EURUSD","2023-06-07 01:09:39.365Z",1.06992,1.06997
"exness","EURUSD","2023-06-07 01:09:42.782Z",1.06991,1.06997
"exness","EURUSD","2023-06-07 01:09:42.873Z",1.06989,1.06996
"exness","EURUSD","2023-06-07 01:09:49.377Z",1.06988,1.06994
"exness","EURUSD","2023-06-07 01:09:51.729Z",1.06988,1.06993
"exness","EURUSD","2023-06-07 01:09:58.476Z",1.06988,1.06994
"exness","EURUSD","2023-06-07 01:10:02.239Z",1.06989,1.06995
"exness","EURUSD","2023-06-07 01:10:02.602Z",1.06991,1.06997
"exness","EURUSD","2023-06-07 01:10:03.196Z",1.06992,1.06997
"exness","EURUSD","2023-06-07 01:10:04.881Z",1.06993,1.06999
"exness","EURUSD","2023-06-07 01:10:05.527Z",1.06993,1.06998
"exness","EURUSD","2023-06-07 01:10:08.053Z",1.06991,1.06997
"exness","EURUSD","2023-06-07 01:10:08.087Z",1.0699,1.06996
"exness","EURUSD","2023-06-07 01:10:09.037Z",1.06988,1.06994
"exness","EURUSD","2023-06-07 01:10:11.147Z",1.06989,1.06994
"exness","EURUSD","2023-06-07 01:10:12.420Z",1.06988,1.06994
"exness","EURUSD","2023-06-07 01:10:27.432Z",1.06989,1.06995
"exness","EURUSD","2023-06-07 01:10:30.490Z",1.06991,1.06997
"exness","EURUSD","2023-06-07 01:10:32.731Z",1.06993,1.06999
"exness","EURUSD","2023-06-07 01:10:35.348Z",1.06995,1.07
"exness","EURUSD","2023-06-07 01:10:40.817Z",1.06995,1.07001
"exness","EURUSD","2023-06-07 01:10:43.998Z",1.06993,1.06999
"exness","EURUSD","2023-06-07 01:10:45.336Z",1.06992,1.06998
"exness","EURUSD","2023-06-07 01:10:53.170Z",1.06993,1.06999
"exness","EURUSD","2023-06-07 01:10:53.240Z",1.06995,1.07
"exness","EURUSD","2023-06-07 01:10:56.662Z",1.06995,1.07002
"exness","EURUSD","2023-06-07 01:10:58.939Z",1.06996,1.07003
"exness","EURUSD","2023-06-07 01:11:03.511Z",1.06996,1.07001
"exness","EURUSD","2023-06-07 01:11:07.797Z",1.06994,1.07
"exness","EURUSD","2023-06-07 01:11:09.587Z",1.06995,1.07001
"exness","EURUSD","2023-06-07 01:11:11.380Z",1.06998,1.07003
"exness","EURUSD","2023-06-07 01:11:14.114Z",1.06999,1.07005
"exness","EURUSD","2023-06-07 01:11:14.143Z",1.07001,1.07007
"exness","EURUSD","2023-06-07 01:11:16.691Z",1.07002,1.07008
"exness","EURUSD","2023-06-07 01:11:19.284Z",1.07001,1.07007
"exness","EURUSD","2023-06-07 01:11:19.428Z",1.06999,1.07006
"exness","EURUSD","2023-06-07 01:11:19.583Z",1.06999,1.07004
"exness","EURUSD","2023-06-07 01:11:22.050Z",1.06997,1.07004
"exness","EURUSD","2023-06-07 01:11:24.581Z",1.06996,1.07002
"exness","EURUSD","2023-06-07 01:11:24.645Z",1.06994,1.07
"exness","EURUSD","2023-06-07 01:11:24.935Z",1.06992,1.06999
"exness","EURUSD","2023-06-07 01:11:41.956Z",1.06994,1.07
"exness","EURUSD","2023-06-07 01:11:47.223Z",1.06996,1.07002
"exness","EURUSD","2023-06-07 01:11:55.192Z",1.06993,1.07
"exness","EURUSD","2023-06-07 01:11:56.348Z",1.06991,1.06998
"exness","EURUSD","2023-06-07 01:11:56.361Z",1.06991,1.06996
"exness","EURUSD","2023-06-07 01:11:57.295Z",1.06991,1.06998
"exness","EURUSD","2023-06-07 01:12:03.245Z",1.06993,1.06999
"exness","EURUSD","2023-06-07 01:12:12.205Z",1.06994,1.07
"exness","EURUSD","2023-06-07 01:12:12.229Z",1.06996,1.07002
"exness","EURUSD","2023-06-07 01:12:13.753Z",1.06997,1.07003
"exness","EURUSD","2023-06-07 01:12:19.482Z",1.06998,1.07005
"exness","EURUSD","2023-06-07 01:12:19.508Z",1.07,1.07006
"exness","EURUSD","2023-06-07 01:12:19.577Z",1.07002,1.07008
"exness","EURUSD","2023-06-07 01:12:20.364Z",1.07003,1.07008
"exness","EURUSD","2023-06-07 01:12:21.851Z",1.07001,1.07007
"exness","EURUSD","2023-06-07 01:12:21.955Z",1.06999,1.07006
"exness","EURUSD","2023-06-07 01:12:22.207Z",1.06998,1.07004
"exness","EURUSD","2023-06-07 01:12:25.213Z",1.06997,1.07003
"exness","EURUSD","2023-06-07 01:12:25.403Z",1.06995,1.07001
"exness","EURUSD","2023-06-07 01:12:25.711Z",1.06993,1.07
"exness","EURUSD","2023-06-07 01:12:27.517Z",1.06996,1.07001
"exness","EURUSD","2023-06-07 01:12:31.475Z",1.06996,1.07002
"exness","EURUSD","2023-06-07 01:12:32.266Z",1.06994,1.07001
"exness","EURUSD","2023-06-07 01:12:32.436Z",1.06994,1.06999
"exness","EURUSD","2023-06-07 01:12:33.439Z",1.06995,1.07
"exness","EURUSD","2023-06-07 01:12:34.441Z",1.06995,1.07002
"exness","EURUSD","2023-06-07 01:12:37.599Z",1.06997,1.07002
"exness","EURUSD","2023-06-07 01:12:40.436Z",1.06996,1.07003
"exness","EURUSD","2023-06-07 01:12:52.994Z",1.06995,1.07
"exness","EURUSD","2023-06-07 01:12:54.126Z",1.06993,1.06999
"exness","EURUSD","2023-06-07 01:12:55.569Z",1.06992,1.06997
"exness","EURUSD","2023-06-07 01:13:01.212Z",1.0699,1.06996
"exness","EURUSD","2023-06-07 01:13:07.522Z",1.06992,1.06998
"exness","EURUSD","2023-06-07 01:13:07.675Z",1.0699,1.06996
"exness","EURUSD","2023-06-07 01:13:08.230Z",1.06992,1.06998
"exness","EURUSD","2023-06-07 01:13:08.285Z",1.06993,1.06999
"exness","EURUSD","2023-06-07 01:13:08.476Z",1.06995,1.07001
"exness","EURUSD","2023-06-07 01:13:08.983Z",1.06996,1.07001
"exness","EURUSD","2023-06-07 01:13:09.024Z",1.06997,1.07003
"exness","EURUSD","2023-06-07 01:13:15.584Z",1.06996,1.07002
"exness","EURUSD","2023-06-07 01:13:16.606Z",1.06995,1.07001
"exness","EURUSD","2023-06-07 01:13:29.131Z",1.06996,1.07002
"exness","EURUSD","2023-06-07 01:13:30.474Z",1.06997,1.07002
"exness","EURUSD","2023-06-07 01:13:39.781Z",1.06996,1.07002
"exness","EURUSD","2023-06-07 01:13:40.323Z",1.06994,1.07
"exness","EURUSD","2023-06-07 01:13:44.228Z",1.06996,1.07002
"exness","EURUSD","2023-06-07 01:13:45.876Z",1.06997,1.07003
"exness","EURUSD","2023-06-07 01:13:48.858Z",1.06995,1.07001
"exness","EURUSD","2023-06-07 01:13:51.516Z",1.06994,1.06999
"exness","EURUSD","2023-06-07 01:13:53.055Z",1.06993,1.06999
"exness","EURUSD","2023-06-07 01:13:55.778Z",1.06993,1.06998
"exness","EURUSD","2023-06-07 01:13:56.009Z",1.06991,1.06998
"exness","EURUSD","2023-06-07 01:13:57.525Z",1.06989,1.06995
"exness","EURUSD","2023-06-07 01:13:58.585Z",1.06989,1.06994
"exness","EURUSD","2023-06-07 01:13:59.639Z",1.06987,1.06994
"exness","EURUSD","2023-06-07 01:14:17.339Z",1.06986,1.06991
"exness","EURUSD","2023-06-07 01:14:19.034Z",1.06985,1.06991
"exness","EURUSD","2023-06-07 01:14:21.382Z",1.06986,1.06992
"exness","EURUSD","2023-06-07 01:14:21.724Z",1.06988,1.06993
"exness","EURUSD","2023-06-07 01:14:27.943Z",1.06986,1.06992
"exness","EURUSD","2023-06-07 01:14:28.220Z",1.06987,1.06992
"exness","EURUSD","2023-06-07 01:14:28.529Z",1.06986,1.06992
"exness","EURUSD","2023-06-07 01:14:29.310Z",1.06987,1.06994
"exness","EURUSD","2023-06-07 01:14:29.747Z",1.06989,1.06994
"exness","EURUSD","2023-06-07 01:14:31.812Z",1.06989,1.06995
"exness","EURUSD","2023-06-07 01:14:37.411Z",1.06989,1.06994
"exness","EURUSD","2023-06-07 01:14:38.130Z",1.0699,1.06996
"exness","EURUSD","2023-06-07 01:14:38.197Z",1.06992,1.06997
"exness","EURUSD","2023-06-07 01:14:38.246Z",1.0699,1.06996
"exness","EURUSD","2023-06-07 01:14:40.331Z",1.0699,1.06995
"exness","EURUSD","2023-06-07 01:14:40.703Z",1.06989,1.06995
"exness","EURUSD","2023-06-07 01:14:43.245Z",1.06988,1.06994
"exness","EURUSD","2023-06-07 01:14:43.656Z",1.06989,1.06994
"exness","EURUSD","2023-06-07 01:14:45.886Z",1.06991,1.06996
"exness","EURUSD","2023-06-07 01:14:47.157Z",1.06991,1.06997
"exness","EURUSD","2023-06-07 01:14:56.999Z",1.0699,1.06996
"exness","EURUSD","2023-06-07 01:14:59.340Z",1.06991,1.06996
"exness","EURUSD","2023-06-07 01:15:03.775Z",1.06991,1.06997
"exness","EURUSD","2023-06-07 01:15:06.264Z",1.06993,1.06998
"exness","EURUSD","2023-06-07 01:15:10.424Z",1.0699,1.06996
"exness","EURUSD","2023-06-07 01:15:12.563Z",1.06991,1.06997
"exness","EURUSD","2023-06-07 01:15:17.954Z",1.06989,1.06996
"exness","EURUSD","2023-06-07 01:15:19.555Z",1.06988,1.06994
"exness","EURUSD","2023-06-07 01:15:19.665Z",1.06986,1.06993
"exness","EURUSD","2023-06-07 01:15:19.696Z",1.06985,1.06991
"exness","EURUSD","2023-06-07 01:15:19.764Z",1.06983,1.06989
"exness","EURUSD","2023-06-07 01:15:27.107Z",1.06981,1.06987
"exness","EURUSD","2023-06-07 01:15:28.662Z",1.06979,1.06985
"exness","EURUSD","2023-06-07 01:15:31.111Z",1.06979,1.06984
"exness","EURUSD","2023-06-07 01:15:31.613Z",1.0698,1.06986
"exness","EURUSD","2023-06-07 01:15:32.180Z",1.06981,1.06987
"exness","EURUSD","2023-06-07 01:15:53.069Z",1.06983,1.06989
"exness","EURUSD","2023-06-07 01:15:53.980Z",1.06984,1.0699
"exness","EURUSD","2023-06-07 01:15:53.995Z",1.06986,1.06992
"exness","EURUSD","2023-06-07 01:16:07.288Z",1.06987,1.06993
"exness","EURUSD","2023-06-07 01:16:14.050Z",1.06989,1.06995
"exness","EURUSD","2023-06-07 01:16:14.112Z",1.0699,1.06997
"exness","EURUSD","2023-06-07 01:16:18.616Z",1.06992,1.06997
"exness","EURUSD","2023-06-07 01:16:20.244Z",1.0699,1.06997
"exness","EURUSD","2023-06-07 01:16:20.593Z",1.0699,1.06995
"exness","EURUSD","2023-06-07 01:16:20.673Z",1.0699,1.06996
"exness","EURUSD","2023-06-07 01:16:21.389Z",1.06991,1.06998
"exness","EURUSD","2023-06-07 01:16:24.138Z",1.0699,1.06996
"exness","EURUSD","2023-06-07 01:16:24.189Z",1.06988,1.06995
"exness","EURUSD","2023-06-07 01:16:24.588Z",1.06987,1.06993
"exness","EURUSD","2023-06-07 01:16:38.752Z",1.06985,1.06992
"exness","EURUSD","2023-06-07 01:16:45.487Z",1.06987,1.06993
"exness","EURUSD","2023-06-07 01:16:47.992Z",1.06988,1.06994
"exness","EURUSD","2023-06-07 01:17:02.723Z",1.0699,1.06996
"exness","EURUSD","2023-06-07 01:17:03.376Z",1.06991,1.06996
"exness","EURUSD","2023-06-07 01:17:03.390Z",1.06991,1.06998
"exness","EURUSD","2023-06-07 01:17:03.873Z",1.06993,1.06999
"exness","EURUSD","2023-06-07 01:17:21.466Z",1.06994,1.07
"exness","EURUSD","2023-06-07 01:17:21.700Z",1.06995,1.07002
"exness","EURUSD","2023-06-07 01:17:21.812Z",1.06997,1.07003
"exness","EURUSD","2023-06-07 01:17:24.141Z",1.06999,1.07004
"exness","EURUSD","2023-06-07 01:17:29.111Z",1.06999,1.07006
"exness","EURUSD","2023-06-07 01:17:32.713Z",1.06998,1.07004
"exness","EURUSD","2023-06-07 01:17:35.086Z",1.06997,1.07003
"exness","EURUSD","2023-06-07 01:17:40.077Z",1.06998,1.07003
"exness","EURUSD","2023-06-07 01:17:42.126Z",1.06996,1.07002
"exness","EURUSD","2023-06-07 01:17:42.625Z",1.06995,1.07
"exness","EURUSD","2023-06-07 01:17:42.644Z",1.06994,1.07
"exness","EURUSD","2023-06-07 01:17:42.778Z",1.06994,1.06999
"exness","EURUSD","2023-06-07 01:17:46.544Z",1.06992,1.06998
"exness","EURUSD","2023-06-07 01:17:47.676Z",1.0699,1.06997
"exness","EURUSD","2023-06-07 01:17:53.625Z",1.06988,1.06994
"exness","EURUSD","2023-06-07 01:17:54.767Z",1.06987,1.06993
"exness","EURUSD","2023-06-07 01:17:55.401Z",1.06985,1.06991
"exness","EURUSD","2023-06-07 01:17:57.280Z",1.06984,1.0699
"exness","EURUSD","2023-06-07 01:18:01.606Z",1.06982,1.06989
"exness","EURUSD","2023-06-07 01:18:09.572Z",1.06984,1.0699
"exness","EURUSD","2023-06-07 01:18:25.676Z",1.06981,1.06988
"exness","EURUSD","2023-06-07 01:18:26.704Z",1.0698,1.06986
"exness","EURUSD","2023-06-07 01:18:31.821Z",1.06979,1.06985
"exness","EURUSD","2023-06-07 01:18:35.498Z",1.06981,1.06987
"exness","EURUSD","2023-06-07 01:18:36.511Z",1.06982,1.06988
"exness","EURUSD","2023-06-07 01:18:47.209Z",1.06985,1.06991
"exness","EURUSD","2023-06-07 01:18:49.405Z",1.06986,1.06992
"exness","EURUSD","2023-06-07 01:18:55.863Z",1.06984,1.0699
"exness","EURUSD","2023-06-07 01:18:57.421Z",1.06984,1.06989
"exness","EURUSD","2023-06-07 01:19:07.625Z",1.06983,1.06989
"exness","EURUSD","2023-06-07 01:19:09.763Z",1.06981,1.06987
"exness","EURUSD","2023-06-07 01:19:11.978Z",1.06982,1.06988
"exness","EURUSD","2023-06-07 01:19:22.168Z",1.06981,1.06987
"exness","EURUSD","2023-06-07 01:19:45.531Z",1.06982,1.06988
"exness","EURUSD","2023-06-07 01:19:48.620Z",1.06984,1.0699
"exness","EURUSD","2023-06-07 01:19:48.652Z",1.06985,1.06991
"exness","EURUSD","2023-06-07 01:19:53.400Z",1.06987,1.06993
"exness","EURUSD","2023-06-07 01:20:06.230Z",1.06985,1.06992
"exness","EURUSD","2023-06-07 01:20:07.695Z",1.06985,1.0699
"exness","EURUSD","2023-06-07 01:20:07.753Z",1.06983,1.0699
"exness","EURUSD","2023-06-07 01:20:11.219Z",1.06983,1.06988
"exness","EURUSD","2023-06-07 01:20:13.007Z",1.06981,1.06987
"exness","EURUSD","2023-06-07 01:20:17.063Z",1.06979,1.06985
"exness","EURUSD","2023-06-07 01:20:31.083Z",1.06982,1.06988
"exness","EURUSD","2023-06-07 01:20:39.197Z",1.06983,1.06989
"exness","EURUSD","2023-06-07 01:20:49.796Z",1.06981,1.06988
"exness","EURUSD","2023-06-07 01:20:59.556Z",1.06981,1.06986
"exness","EURUSD","2023-06-07 01:21:01.691Z",1.06982,1.06988
"exness","EURUSD","2023-06-07 01:21:08.025Z",1.06984,1.0699
"exness","EURUSD","2023-06-07 01:21:11.007Z",1.06985,1.06991
"exness","EURUSD","2023-06-07 01:21:13.368Z",1.06986,1.06991
"exness","EURUSD","2023-06-07 01:21:30.290Z",1.06984,1.0699
"exness","EURUSD","2023-06-07 01:21:30.309Z",1.06983,1.06989
"exness","EURUSD","2023-06-07 01:21:30.388Z",1.06981,1.06987
"exness","EURUSD","2023-06-07 01:21:30.604Z",1.0698,1.06986
"exness","EURUSD","2023-06-07 01:21:37.819Z",1.06982,1.06988
"exness","EURUSD","2023-06-07 01:21:44.386Z",1.06981,1.06987
"exness","EURUSD","2023-06-07 01:21:46.408Z",1.06981,1.06986
"exness","EURUSD","2023-06-07 01:22:00.189Z",1.06979,1.06986
"exness","EURUSD","2023-06-07 01:22:04.107Z",1.06981,1.06987
"exness","EURUSD","2023-06-07 01:22:06.350Z",1.06982,1.06988
"exness","EURUSD","2023-06-07 01:22:09.711Z",1.06983,1.06988
"exness","EURUSD","2023-06-07 01:22:11.586Z",1.06981,1.06987
"exness","EURUSD","2023-06-07 01:22:11.654Z",1.0698,1.06986
"exness","EURUSD","2023-06-07 01:22:15.331Z",1.06981,1.06986
"exness","EURUSD","2023-06-07 01:22:35.045Z",1.06981,1.06987
"exness","EURUSD","2023-06-07 01:22:35.233Z",1.06979,1.06985
"exness","EURUSD","2023-06-07 01:22:35.333Z",1.06981,1.06987
"exness","EURUSD","2023-06-07 01:22:37.037Z",1.06979,1.06986
"exness","EURUSD","2023-06-07 01:22:54.081Z",1.06979,1.06984
"exness","EURUSD","2023-06-07 01:22:54.492Z",1.06978,1.06984
"exness","EURUSD","2023-06-07 01:22:54.502Z",1.06976,1.06982
"exness","EURUSD","2023-06-07 01:22:54.511Z",1.06975,1.06981
"exness","EURUSD","2023-06-07 01:22:54.861Z",1.06973,1.06979
"exness","EURUSD","2023-06-07 01:22:55.975Z",1.06972,1.06978
"exness","EURUSD","2023-06-07 01:22:58.621Z",1.06974,1.06981
"exness","EURUSD","2023-06-07 01:23:01.575Z",1.06977,1.06982
"exness","EURUSD","2023-06-07 01:23:06.729Z",1.06977,1.06983
"exness","EURUSD","2023-06-07 01:23:12.537Z",1.06976,1.06982
"exness","EURUSD","2023-06-07 01:23:18.038Z",1.06974,1.0698
"exness","EURUSD","2023-06-07 01:23:19.115Z",1.06972,1.06978
"exness","EURUSD","2023-06-07 01:23:20.309Z",1.06971,1.06977
"exness","EURUSD","2023-06-07 01:23:20.341Z",1.06969,1.06976
"exness","EURUSD","2023-06-07 01:23:20.686Z",1.06971,1.06977
"exness","EURUSD","2023-06-07 01:23:21.946Z",1.06972,1.06977
"exness","EURUSD","2023-06-07 01:23:26.604Z",1.06972,1.06978
"exness","EURUSD","2023-06-07 01:23:29.496Z",1.06971,1.06977
"exness","EURUSD","2023-06-07 01:23:30.588Z",1.06969,1.06976
"exness","EURUSD","2023-06-07 01:23:35.863Z",1.06969,1.06974
"exness","EURUSD","2023-06-07 01:23:42.776Z",1.06969,1.06976
"exness","EURUSD","2023-06-07 01:23:45.371Z",1.06971,1.06977
"exness","EURUSD","2023-06-07 01:23:45.430Z",1.06973,1.06979
"exness","EURUSD","2023-06-07 01:23:46.791Z",1.06974,1.06981
"exness","EURUSD","2023-06-07 01:23:47.459Z",1.06973,1.06979
"exness","EURUSD","2023-06-07 01:23:53.494Z",1.06971,1.06977
"exness","EURUSD","2023-06-07 01:24:03.780Z",1.06972,1.06978
"exness","EURUSD","2023-06-07 01:24:17.291Z",1.06974,1.0698
"exness","EURUSD","2023-06-07 01:24:18.462Z",1.06975,1.06981
"exness","EURUSD","2023-06-07 01:24:36.142Z",1.06977,1.06983
"exness","EURUSD","2023-06-07 01:24:37.248Z",1.06979,1.06985
"exness","EURUSD","2023-06-07 01:24:42.210Z",1.0698,1.06986
"exness","EURUSD","2023-06-07 01:24:45.355Z",1.06979,1.06985
"exness","EURUSD","2023-06-07 01:24:48.215Z",1.06978,1.06983
"exness","EURUSD","2023-06-07 01:24:56.297Z",1.06979,1.06985
"exness","EURUSD","2023-06-07 01:24:57.484Z",1.0698,1.06986
"exness","EURUSD","2023-06-07 01:24:58.263Z",1.06982,1.06987
"exness","EURUSD","2023-06-07 01:25:02.011Z",1.06982,1.06988
"exness","EURUSD","2023-06-07 01:25:30.444Z",1.06983,1.06989
"exness","EURUSD","2023-06-07 01:25:36.607Z",1.06985,1.0699
"exness","EURUSD","2023-06-07 01:25:45.045Z",1.06985,1.06992
"exness","EURUSD","2023-06-07 01:25:46.051Z",1.06987,1.06993
"exness","EURUSD","2023-06-07 01:25:51.111Z",1.06985,1.0699
"exness","EURUSD","2023-06-07 01:26:02.733Z",1.06983,1.0699
"exness","EURUSD","2023-06-07 01:26:04.097Z",1.06982,1.06988
"exness","EURUSD","2023-06-07 01:26:20.603Z",1.06983,1.06989
"exness","EURUSD","2023-06-07 01:26:20.637Z",1.06984,1.06991
"exness","EURUSD","2023-06-07 01:26:20.675Z",1.06986,1.06992
"exness","EURUSD","2023-06-07 01:26:25.008Z",1.06987,1.06992
"exness","EURUSD","2023-06-07 01:26:37.096Z",1.06987,1.06994
"exness","EURUSD","2023-06-07 01:26:41.695Z",1.06986,1.06992
"exness","EURUSD","2023-06-07 01:26:42.035Z",1.06984,1.0699
"exness","EURUSD","2023-06-07 01:26:43.277Z",1.06983,1.06989
"exness","EURUSD","2023-06-07 01:26:43.352Z",1.06982,1.06987
"exness","EURUSD","2023-06-07 01:26:49.719Z",1.06979,1.06985
"exness","EURUSD","2023-06-07 01:26:50.236Z",1.06979,1.06984
"exness","EURUSD","2023-06-07 01:27:06.133Z",1.06979,1.06986
"exness","EURUSD","2023-06-07 01:27:06.681Z",1.06981,1.06987
"exness","EURUSD","2023-06-07 01:27:12.394Z",1.06982,1.06988
"exness","EURUSD","2023-06-07 01:27:13.830Z",1.06984,1.06989
"exness","EURUSD","2023-06-07 01:27:21.779Z",1.06983,1.06989
"exness","EURUSD","2023-06-07 01:27:43.375Z",1.06984,1.0699
"exness","EURUSD","2023-06-07 01:28:09.014Z",1.06986,1.06992
"exness","EURUSD","2023-06-07 01:28:10.437Z",1.06987,1.06993
"exness","EURUSD","2023-06-07 01:28:20.346Z",1.06989,1.06995
"exness","EURUSD","2023-06-07 01:28:30.796Z",1.06987,1.06994
"exness","EURUSD","2023-06-07 01:28:57.515Z",1.06987,1.06992
"exness","EURUSD","2023-06-07 01:28:58.541Z",1.06987,1.06994
"exness","EURUSD","2023-06-07 01:29:04.184Z",1.06986,1.06992
"exness","EURUSD","2023-06-07 01:29:04.687Z",1.06988,1.06993
"exness","EURUSD","2023-06-07 01:29:08.429Z",1.06988,1.06994
"exness","EURUSD","2023-06-07 01:29:13.831Z",1.06989,1.06995
"exness","EURUSD","2023-06-07 01:29:19.069Z",1.0699,1.06997
"exness","EURUSD","2023-06-07 01:29:19.130Z",1.06992,1.06998
"exness","EURUSD","2023-06-07 01:29:20.141Z",1.06993,1.06999
"exness","EURUSD","2023-06-07 01:29:21.097Z",1.06995,1.07001
"exness","EURUSD","2023-06-07 01:29:22.023Z",1.06997,1.07002
"exness","EURUSD","2023-06-07 01:29:22.673Z",1.06997,1.07003
"exness","EURUSD","2023-06-07 01:29:23.678Z",1.06998,1.07003
"exness","EURUSD","2023-06-07 01:29:28.495Z",1.06998,1.07004
"exness","EURUSD","2023-06-07 01:29:48.152Z",1.06997,1.07003
"exness","EURUSD","2023-06-07 01:29:48.177Z",1.06995,1.07001
"exness","EURUSD","2023-06-07 01:29:49.576Z",1.06994,1.07
"exness","EURUSD","2023-06-07 01:29:58.088Z",1.06993,1.06999
"exness","EURUSD","2023-06-07 01:30:09.514Z",1.06995,1.07
"exness","EURUSD","2023-06-07 01:30:12.842Z",1.06994,1.07
"exness","EURUSD","2023-06-07 01:30:13.592Z",1.06992,1.06998
"exness","EURUSD","2023-06-07 01:30:14.603Z",1.06991,1.06997
"exness","EURUSD","2023-06-07 01:30:15.252Z",1.06989,1.06995
"exness","EURUSD","2023-06-07 01:30:17.896Z",1.0699,1.06997
"exness","EURUSD","2023-06-07 01:30:17.958Z",1.06992,1.06998
"exness","EURUSD","2023-06-07 01:30:20.014Z",1.06994,1.07
"exness","EURUSD","2023-06-07 01:30:22.563Z",1.06992,1.06999
"exness","EURUSD","2023-06-07 01:30:22.576Z",1.06991,1.06997
"exness","EURUSD","2023-06-07 01:30:25.418Z",1.06989,1.06996
"exness","EURUSD","2023-06-07 01:30:26.294Z",1.06989,1.06994
"exness","EURUSD","2023-06-07 01:30:29.554Z",1.06988,1.06994
"exness","EURUSD","2023-06-07 01:30:34.315Z",1.0699,1.06996
"exness","EURUSD","2023-06-07 01:30:34.376Z",1.06991,1.06998
"exness","EURUSD","2023-06-07 01:30:37.292Z",1.06993,1.06998
"exness","EURUSD","2023-06-07 01:30:38.394Z",1.06993,1.06999
"exness","EURUSD","2023-06-07 01:30:41.769Z",1.06995,1.07001
"exness","EURUSD","2023-06-07 01:30:41.835Z",1.06997,1.07003
"exness","EURUSD","2023-06-07 01:30:43.763Z",1.06999,1.07004
"exness","EURUSD","2023-06-07 01:30:52.550Z",1.06997,1.07003
"exness","EURUSD","2023-06-07 01:30:52.652Z",1.06995,1.07001
"exness","EURUSD","2023-06-07 01:30:53.193Z",1.06995,1.07
"exness","EURUSD","2023-06-07 01:30:55.461Z",1.06994,1.07
"exness","EURUSD","2023-06-07 01:31:00.179Z",1.06995,1.07001
"exness","EURUSD","2023-06-07 01:31:00.201Z",1.06997,1.07003
"exness","EURUSD","2023-06-07 01:31:00.221Z",1.06995,1.07001
"exness","EURUSD","2023-06-07 01:31:03.068Z",1.06996,1.07002
"exness","EURUSD","2023-06-07 01:31:03.256Z",1.06998,1.07004
"exness","EURUSD","2023-06-07 01:31:08.106Z",1.06999,1.07005
"exness","EURUSD","2023-06-07 01:31:17.739Z",1.07,1.07006
"exness","EURUSD","2023-06-07 01:31:17.761Z",1.07002,1.07008
"exness","EURUSD","2023-06-07 01:31:19.318Z",1.07003,1.07009
"exness","EURUSD","2023-06-07 01:31:19.327Z",1.07005,1.0701100000000001
"exness","EURUSD","2023-06-07 01:31:19.682Z",1.07004,1.07009
"exness","EURUSD","2023-06-07 01:31:20.625Z",1.07004,1.0701100000000001
"exness","EURUSD","2023-06-07 01:31:20.641Z",1.07006,1.07012
"exness","EURUSD","2023-06-07 01:31:20.833Z",1.07008,1.07014
"exness","EURUSD","2023-06-07 01:31:21.159Z",1.07009,1.07014
"exness","EURUSD","2023-06-07 01:31:21.377Z",1.0701,1.07016
"exness","EURUSD","2023-06-07 01:31:21.635Z",1.0701100000000001,1.07018
"exness","EURUSD","2023-06-07 01:31:25.368Z",1.07012,1.07019
"exness","EURUSD","2023-06-07 01:31:25.960Z",1.0701100000000001,1.07017
"exness","EURUSD","2023-06-07 01:31:26.233Z",1.07009,1.07015
"exness","EURUSD","2023-06-07 01:31:27.744Z",1.07009,1.07014
"exness","EURUSD","2023-06-07 01:31:30.495Z",1.07007,1.07013
"exness","EURUSD","2023-06-07 01:31:30.547Z",1.07005,1.0701100000000001
"exness","EURUSD","2023-06-07 01:31:30.661Z",1.07005,1.0701
"exness","EURUSD","2023-06-07 01:31:35.930Z",1.07004,1.0701
"exness","EURUSD","2023-06-07 01:31:44.200Z",1.07004,1.07009
"exness","EURUSD","2023-06-07 01:31:46.019Z",1.07002,1.07008
"exness","EURUSD","2023-06-07 01:31:49.035Z",1.07004,1.07009
"exness","EURUSD","2023-06-07 01:31:58.061Z",1.07002,1.07008
"exness","EURUSD","2023-06-07 01:32:04.544Z",1.07003,1.07009
"exness","EURUSD","2023-06-07 01:32:17.017Z",1.07001,1.07007
"exness","EURUSD","2023-06-07 01:32:17.142Z",1.06999,1.07006
"exness","EURUSD","2023-06-07 01:32:19.357Z",1.07001,1.07006
"exness","EURUSD","2023-06-07 01:32:21.986Z",1.06999,1.07006
"exness","EURUSD","2023-06-07 01:32:22.054Z",1.06999,1.07004
"exness","EURUSD","2023-06-07 01:32:23.062Z",1.06997,1.07004
"exness","EURUSD","2023-06-07 01:32:28.357Z",1.06996,1.07002
"exness","EURUSD","2023-06-07 01:32:34.118Z",1.06997,1.07003
"exness","EURUSD","2023-06-07 01:32:34.523Z",1.06996,1.07002
"exness","EURUSD","2023-06-07 01:32:34.636Z",1.06994,1.07
"exness","EURUSD","2023-06-07 01:32:34.716Z",1.06993,1.06999
"exness","EURUSD","2023-06-07 01:32:50.525Z",1.06991,1.06997
"exness","EURUSD","2023-06-07 01:32:50.551Z",1.0699,1.06996
"exness","EURUSD","2023-06-07 01:32:52.942Z",1.06989,1.06994
"exness","EURUSD","2023-06-07 01:33:00.861Z",1.06987,1.06993
"exness","EURUSD","2023-06-07 01:33:01.082Z",1.06985,1.06992
"exness","EURUSD","2023-06-07 01:33:01.172Z",1.06984,1.0699
"exness","EURUSD","2023-06-07 01:33:01.616Z",1.06982,1.06988
"exness","EURUSD","2023-06-07 01:33:01.706Z",1.06982,1.06987
"exness","EURUSD","2023-06-07 01:33:02.940Z",1.0698,1.06986
"exness","EURUSD","2023-06-07 01:33:03.034Z",1.06978,1.06984
"exness","EURUSD","2023-06-07 01:33:09.662Z",1.06977,1.06983
"exness","EURUSD","2023-06-07 01:33:09.699Z",1.06975,1.06982
"exness","EURUSD","2023-06-07 01:33:10.225Z",1.06977,1.06983
"exness","EURUSD","2023-06-07 01:33:20.964Z",1.06979,1.06985
"exness","EURUSD","2023-06-07 01:33:21.959Z",1.06981,1.06987
"exness","EURUSD","2023-06-07 01:33:22.312Z",1.06979,1.06985
"exness","EURUSD","2023-06-07 01:33:22.758Z",1.0698,1.06987
"exness","EURUSD","2023-06-07 01:33:25.357Z",1.06982,1.06988
"exness","EURUSD","2023-06-07 01:33:25.650Z",1.06984,1.06989
"exness","EURUSD","2023-06-07 01:33:36.883Z",1.06985,1.06991
"exness","EURUSD","2023-06-07 01:33:38.131Z",1.06986,1.06992
"exness","EURUSD","2023-06-07 01:33:39.448Z",1.06985,1.06991
"exness","EURUSD","2023-06-07 01:33:41.393Z",1.06983,1.0699
"exness","EURUSD","2023-06-07 01:33:43.816Z",1.06983,1.06988
"exness","EURUSD","2023-06-07 01:33:45.832Z",1.06982,1.06988
"exness","EURUSD","2023-06-07 01:33:54.981Z",1.0698,1.06986
"exness","EURUSD","2023-06-07 01:33:57.264Z",1.06981,1.06987
"exness","EURUSD","2023-06-07 01:34:00.635Z",1.06982,1.06989
"exness","EURUSD","2023-06-07 01:34:09.384Z",1.0698,1.06986
"exness","EURUSD","2023-06-07 01:34:09.462Z",1.0698,1.06985
"exness","EURUSD","2023-06-07 01:34:09.537Z",1.06978,1.06984
"exness","EURUSD","2023-06-07 01:34:16.644Z",1.06976,1.06982
"exness","EURUSD","2023-06-07 01:34:16.696Z",1.06974,1.0698
"exness","EURUSD","2023-06-07 01:34:18.230Z",1.06973,1.06979
"exness","EURUSD","2023-06-07 01:34:19.041Z",1.06975,1.06981
"exness","EURUSD","2023-06-07 01:34:19.048Z",1.06976,1.06982
"exness","EURUSD","2023-06-07 01:34:19.733Z",1.06978,1.06983
"exness","EURUSD","2023-06-07 01:34:20.648Z",1.06979,1.06985
"exness","EURUSD","2023-06-07 01:34:20.766Z",1.0698,1.06986
"exness","EURUSD","2023-06-07 01:34:21.661Z",1.06981,1.06986
"exness","EURUSD","2023-06-07 01:34:22.137Z",1.0698,1.06986
"exness","EURUSD","2023-06-07 01:34:23.199Z",1.06978,1.06985
"exness","EURUSD","2023-06-07 01:34:24.822Z",1.06979,1.06986
"exness","EURUSD","2023-06-07 01:34:26.283Z",1.06979,1.06984
"exness","EURUSD","2023-06-07 01:34:28.444Z",1.06977,1.06984
"exness","EURUSD","2023-06-07 01:34:29.711Z",1.0698,1.06986
"exness","EURUSD","2023-06-07 01:34:32.228Z",1.06978,1.06984
"exness","EURUSD","2023-06-07 01:34:33.259Z",1.06976,1.06983
"exness","EURUSD","2023-06-07 01:34:37.672Z",1.06978,1.06983
"exness","EURUSD","2023-06-07 01:34:39.155Z",1.06976,1.06982
"exness","EURUSD","2023-06-07 01:34:39.231Z",1.06975,1.0698
"exness","EURUSD","2023-06-07 01:34:47.988Z",1.06976,1.06982
"exness","EURUSD","2023-06-07 01:34:54.242Z",1.06975,1.06981
"exness","EURUSD","2023-06-07 01:34:55.286Z",1.06973,1.06979
"exness","EURUSD","2023-06-07 01:34:57.092Z",1.06974,1.06981
"exness","EURUSD","2023-06-07 01:35:00.494Z",1.06974,1.06979
"exness","EURUSD","2023-06-07 01:35:01.344Z",1.06975,1.06981
"exness","EURUSD","2023-06-07 01:35:01.610Z",1.06976,1.06982
"exness","EURUSD","2023-06-07 01:35:01.623Z",1.06978,1.06984
"exness","EURUSD","2023-06-07 01:35:02.681Z",1.06979,1.06985
"exness","EURUSD","2023-06-07 01:35:03.110Z",1.06981,1.06987
"exness","EURUSD","2023-06-07 01:35:03.539Z",1.06982,1.06989
"exness","EURUSD","2023-06-07 01:35:04.112Z",1.06984,1.06989
"exness","EURUSD","2023-06-07 01:35:05.125Z",1.06984,1.0699
"exness","EURUSD","2023-06-07 01:35:08.069Z",1.06986,1.06992
"exness","EURUSD","2023-06-07 01:35:09.465Z",1.06988,1.06994
"exness","EURUSD","2023-06-07 01:35:16.737Z",1.06986,1.06993
"exness","EURUSD","2023-06-07 01:35:19.980Z",1.06984,1.0699
"exness","EURUSD","2023-06-07 01:35:22.275Z",1.06984,1.06989
"exness","EURUSD","2023-06-07 01:35:22.354Z",1.06982,1.06988
"exness","EURUSD","2023-06-07 01:35:22.395Z",1.0698,1.06987
"exness","EURUSD","2023-06-07 01:35:26.008Z",1.06982,1.06988
"exness","EURUSD","2023-06-07 01:35:27.364Z",1.06981,1.06987
"exness","EURUSD","2023-06-07 01:35:27.994Z",1.06979,1.06986
"exness","EURUSD","2023-06-07 01:35:31.470Z",1.06979,1.06984
"exness","EURUSD","2023-06-07 01:35:31.672Z",1.06978,1.06984
"exness","EURUSD","2023-06-07 01:35:35.257Z",1.06975,1.06982
"exness","EURUSD","2023-06-07 01:35:36.975Z",1.06974,1.06981
"exness","EURUSD","2023-06-07 01:35:37.052Z",1.06974,1.06979
"exness","EURUSD","2023-06-07 01:35:37.390Z",1.06972,1.06978
"exness","EURUSD","2023-06-07 01:35:37.428Z",1.0697,1.06977
"exness","EURUSD","2023-06-07 01:35:40.538Z",1.06969,1.06975
"exness","EURUSD","2023-06-07 01:35:42.055Z",1.06971,1.06977
"exness","EURUSD","2023-06-07 01:35:42.139Z",1.06972,1.06977
"exness","EURUSD","2023-06-07 01:35:44.259Z",1.06972,1.06978
"exness","EURUSD","2023-06-07 01:35:51.065Z",1.06975,1.06981
"exness","EURUSD","2023-06-07 01:35:54.316Z",1.06974,1.0698
"exness","EURUSD","2023-06-07 01:35:54.662Z",1.06972,1.06978
"exness","EURUSD","2023-06-07 01:35:54.686Z",1.0697,1.06977
"exness","EURUSD","2023-06-07 01:35:54.783Z",1.06969,1.06975
"exness","EURUSD","2023-06-07 01:35:56.876Z",1.06969,1.06974
"exness","EURUSD","2023-06-07 01:36:02.527Z",1.06969,1.06976
"exness","EURUSD","2023-06-07 01:36:04.759Z",1.06972,1.06978
"exness","EURUSD","2023-06-07 01:36:08.605Z",1.06973,1.06979
"exness","EURUSD","2023-06-07 01:36:20.552Z",1.06971,1.06977
"exness","EURUSD","2023-06-07 01:36:20.581Z",1.06969,1.06975
"exness","EURUSD","2023-06-07 01:36:20.613Z",1.06968,1.06974
"exness","EURUSD","2023-06-07 01:36:20.617Z",1.06966,1.06972
"exness","EURUSD","2023-06-07 01:36:20.651Z",1.06964,1.0697
"exness","EURUSD","2023-06-07 01:36:20.688Z",1.06963,1.06969
"exness","EURUSD","2023-06-07 01:36:24.854Z",1.06961,1.06967
"exness","EURUSD","2023-06-07 01:36:29.704Z",1.06962,1.06968
"exness","EURUSD","2023-06-07 01:36:32.713Z",1.06961,1.06967
"exness","EURUSD","2023-06-07 01:36:33.219Z",1.06959,1.06965
"exness","EURUSD","2023-06-07 01:36:43.966Z",1.06957,1.06964
"exness","EURUSD","2023-06-07 01:36:43.975Z",1.06955,1.06962
"exness","EURUSD","2023-06-07 01:36:44.189Z",1.06954,1.0695999999999999
"exness","EURUSD","2023-06-07 01:36:45.445Z",1.06954,1.06959
"exness","EURUSD","2023-06-07 01:36:45.549Z",1.06954,1.0695999999999999
"exness","EURUSD","2023-06-07 01:36:45.624Z",1.06956,1.06962
"exness","EURUSD","2023-06-07 01:36:45.774Z",1.06957,1.06963
"exness","EURUSD","2023-06-07 01:36:51.657Z",1.06955,1.06961
"exness","EURUSD","2023-06-07 01:36:52.526Z",1.06953,1.06959
"exness","EURUSD","2023-06-07 01:36:55.229Z",1.06952,1.06958
"exness","EURUSD","2023-06-07 01:36:59.044Z",1.06953,1.06958
"exness","EURUSD","2023-06-07 01:37:01.401Z",1.06954,1.0695999999999999
"exness","EURUSD","2023-06-07 01:37:01.446Z",1.06955,1.06962
"exness","EURUSD","2023-06-07 01:37:03.018Z",1.06957,1.06963
"exness","EURUSD","2023-06-07 01:37:05.828Z",1.06959,1.06965
"exness","EURUSD","2023-06-07 01:37:08.098Z",1.0695999999999999,1.06967
"exness","EURUSD","2023-06-07 01:37:08.301Z",1.06959,1.06965
"exness","EURUSD","2023-06-07 01:37:09.063Z",1.06957,1.06963
"exness","EURUSD","2023-06-07 01:37:09.106Z",1.06956,1.06962
"exness","EURUSD","2023-06-07 01:37:09.145Z",1.06954,1.0695999999999999
"exness","EURUSD","2023-06-07 01:37:10.095Z",1.06954,1.06959
"exness","EURUSD","2023-06-07 01:37:16.348Z",1.06953,1.06959
"exness","EURUSD","2023-06-07 01:37:17.223Z",1.06951,1.06957
"exness","EURUSD","2023-06-07 01:37:17.895Z",1.06949,1.06956
"exness","EURUSD","2023-06-07 01:37:23.037Z",1.06949,1.06954
"exness","EURUSD","2023-06-07 01:37:23.100Z",1.06948,1.06954
"exness","EURUSD","2023-06-07 01:37:23.104Z",1.06946,1.06952
"exness","EURUSD","2023-06-07 01:37:23.248Z",1.06944,1.06951
"exness","EURUSD","2023-06-07 01:37:23.390Z",1.06944,1.06949
"exness","EURUSD","2023-06-07 01:37:24.980Z",1.06945,1.06951
"exness","EURUSD","2023-06-07 01:37:25.095Z",1.06946,1.06953
"exness","EURUSD","2023-06-07 01:37:27.194Z",1.06946,1.06951
"exness","EURUSD","2023-06-07 01:37:28.332Z",1.06944,1.06951
"exness","EURUSD","2023-06-07 01:37:28.643Z",1.06946,1.06952
"exness","EURUSD","2023-06-07 01:37:29.066Z",1.06948,1.06953
"exness","EURUSD","2023-06-07 01:37:35.142Z",1.06948,1.06954
"exness","EURUSD","2023-06-07 01:37:41.533Z",1.0695000000000001,1.06956
"exness","EURUSD","2023-06-07 01:37:41.894Z",1.06951,1.06958
"exness","EURUSD","2023-06-07 01:37:42.340Z",1.06953,1.06958
"exness","EURUSD","2023-06-07 01:37:49.021Z",1.06953,1.06959
"exness","EURUSD","2023-06-07 01:37:57.321Z",1.06951,1.06957
"exness","EURUSD","2023-06-07 01:37:58.046Z",1.0695000000000001,1.06956
"exness","EURUSD","2023-06-07 01:37:59.203Z",1.06951,1.06956
"exness","EURUSD","2023-06-07 01:38:00.266Z",1.06952,1.06958
"exness","EURUSD","2023-06-07 01:38:03.752Z",1.06951,1.06957
"exness","EURUSD","2023-06-07 01:38:09.773Z",1.06952,1.06959
"exness","EURUSD","2023-06-07 01:38:10.719Z",1.06952,1.06957
"exness","EURUSD","2023-06-07 01:38:12.503Z",1.06954,1.0695999999999999
"exness","EURUSD","2023-06-07 01:38:12.516Z",1.06955,1.06961
"exness","EURUSD","2023-06-07 01:38:12.679Z",1.06957,1.06963
"exness","EURUSD","2023-06-07 01:38:16.586Z",1.06958,1.06963
"exness","EURUSD","2023-06-07 01:38:28.762Z",1.06959,1.06966
"exness","EURUSD","2023-06-07 01:38:29.892Z",1.06958,1.06964
"exness","EURUSD","2023-06-07 01:38:34.302Z",1.06957,1.06963
"exness","EURUSD","2023-06-07 01:38:34.318Z",1.06955,1.06962
"exness","EURUSD","2023-06-07 01:38:34.342Z",1.06954,1.0695999999999999
"exness","EURUSD","2023-06-07 01:38:36.389Z",1.06956,1.06963
"exness","EURUSD","2023-06-07 01:38:37.506Z",1.06957,1.06964
"exness","EURUSD","2023-06-07 01:38:41.102Z",1.06959,1.06965
"exness","EURUSD","2023-06-07 01:38:41.316Z",1.06961,1.06967
"exness","EURUSD","2023-06-07 01:38:41.372Z",1.06959,1.06965
"exness","EURUSD","2023-06-07 01:38:42.346Z",1.06958,1.06963
"exness","EURUSD","2023-06-07 01:38:44.341Z",1.06956,1.06963
"exness","EURUSD","2023-06-07 01:38:46.548Z",1.06956,1.06961
"exness","EURUSD","2023-06-07 01:38:46.686Z",1.06957,1.06963
"exness","EURUSD","2023-06-07 01:38:57.828Z",1.06958,1.06964
"exness","EURUSD","2023-06-07 01:39:01.466Z",1.0695999999999999,1.06966
"exness","EURUSD","2023-06-07 01:39:02.058Z",1.06961,1.06968
"exness","EURUSD","2023-06-07 01:39:04.098Z",1.0695999999999999,1.06967
"exness","EURUSD","2023-06-07 01:39:07.526Z",1.06959,1.06966
"exness","EURUSD","2023-06-07 01:39:10.578Z",1.06961,1.06967
"exness","EURUSD","2023-06-07 01:39:18.472Z",1.06963,1.06969
"exness","EURUSD","2023-06-07 01:39:19.472Z",1.06964,1.0697
"exness","EURUSD","2023-06-07 01:39:20.607Z",1.06966,1.06973
"exness","EURUSD","2023-06-07 01:39:21.029Z",1.06968,1.06973
"exness","EURUSD","2023-06-07 01:39:21.931Z",1.06966,1.06973
"exness","EURUSD","2023-06-07 01:39:28.575Z",1.06964,1.0697
"exness","EURUSD","2023-06-07 01:39:28.762Z",1.06963,1.06969
"exness","EURUSD","2023-06-07 01:39:33.540Z",1.06964,1.0697
"exness","EURUSD","2023-06-07 01:39:34.433Z",1.06965,1.06972
"exness","EURUSD","2023-06-07 01:39:35.358Z",1.06967,1.06972
"exness","EURUSD","2023-06-07 01:39:35.597Z",1.06968,1.06973
"exness","EURUSD","2023-06-07 01:39:42.514Z",1.06966,1.06973
"exness","EURUSD","2023-06-07 01:39:42.639Z",1.06966,1.06971
"exness","EURUSD","2023-06-07 01:39:45.743Z",1.06967,1.06972
"exness","EURUSD","2023-06-07 01:39:46.888Z",1.06965,1.06971
"exness","EURUSD","2023-06-07 01:39:46.898Z",1.06963,1.0697
"exness","EURUSD","2023-06-07 01:39:48.541Z",1.06962,1.06968
"exness","EURUSD","2023-06-07 01:39:58.523Z",1.06964,1.0697
"exness","EURUSD","2023-06-07 01:40:01.125Z",1.06963,1.06969
"exness","EURUSD","2023-06-07 01:40:01.264Z",1.06961,1.06967
"exness","EURUSD","2023-06-07 01:40:01.528Z",1.06961,1.06966
"exness","EURUSD","2023-06-07 01:40:01.544Z",1.06959,1.06965
"exness","EURUSD","2023-06-07 01:40:02.508Z",1.06959,1.06964
"exness","EURUSD","2023-06-07 01:40:17.460Z",1.06959,1.06965
"exness","EURUSD","2023-06-07 01:40:25.383Z",1.0695999999999999,1.06966
"exness","EURUSD","2023-06-07 01:40:25.395Z",1.06961,1.06968
"exness","EURUSD","2023-06-07 01:40:26.414Z",1.06963,1.06969
"exness","EURUSD","2023-06-07 01:40:29.568Z",1.06962,1.06968
"exness","EURUSD","2023-06-07 01:40:29.584Z",1.0695999999999999,1.06966
"exness","EURUSD","2023-06-07 01:40:31.559Z",1.06959,1.06964
"exness","EURUSD","2023-06-07 01:40:32.645Z",1.06959,1.06965
"exness","EURUSD","2023-06-07 01:40:44.496Z",1.0695999999999999,1.06966
"exness","EURUSD","2023-06-07 01:40:46.689Z",1.06961,1.06968
"exness","EURUSD","2023-06-07 01:40:55.649Z",1.06963,1.06969
"exness","EURUSD","2023-06-07 01:41:22.596Z",1.06962,1.06968
"exness","EURUSD","2023-06-07 01:41:22.623Z",1.0695999999999999,1.06966
"exness","EURUSD","2023-06-07 01:41:25.409Z",1.06959,1.06965
"exness","EURUSD","2023-06-07 01:41:27.989Z",1.06958,1.06964
"exness","EURUSD","2023-06-07 01:41:28.008Z",1.06956,1.06962
"exness","EURUSD","2023-06-07 01:41:28.043Z",1.06955,1.06961
"exness","EURUSD","2023-06-07 01:41:28.398Z",1.06954,1.06959
"exness","EURUSD","2023-06-07 01:41:28.406Z",1.06954,1.06961
"exness","EURUSD","2023-06-07 01:41:28.698Z",1.06956,1.06962
"exness","EURUSD","2023-06-07 01:41:31.145Z",1.06957,1.06963
"exness","EURUSD","2023-06-07 01:41:31.874Z",1.06959,1.06965
"exness","EURUSD","2023-06-07 01:41:31.946Z",1.0695999999999999,1.06965
"exness","EURUSD","2023-06-07 01:41:32.086Z",1.06959,1.06965
"exness","EURUSD","2023-06-07 01:41:36.451Z",1.06961,1.06967
"exness","EURUSD","2023-06-07 01:41:37.462Z",1.06963,1.06969
"exness","EURUSD","2023-06-07 01:41:37.496Z",1.06961,1.06967
"exness","EURUSD","2023-06-07 01:41:42.557Z",1.0695999999999999,1.06965
"exness","EURUSD","2023-06-07 01:41:48.575Z",1.06961,1.06967
"exness","EURUSD","2023-06-07 01:41:51.796Z",1.06962,1.06967
"exness","EURUSD","2023-06-07 01:41:52.049Z",1.06962,1.06968
"exness","EURUSD","2023-06-07 01:41:52.803Z",1.06962,1.06967
"exness","EURUSD","2023-06-07 01:41:54.720Z",1.0695999999999999,1.06967
"exness","EURUSD","2023-06-07 01:41:59.081Z",1.06963,1.06968
"exness","EURUSD","2023-06-07 01:42:26.151Z",1.06961,1.06967
"exness","EURUSD","2023-06-07 01:42:27.254Z",1.0695999999999999,1.06966
"exness","EURUSD","2023-06-07 01:42:31.599Z",1.06961,1.06967
"exness","EURUSD","2023-06-07 01:42:31.738Z",1.06963,1.06968
"exness","EURUSD","2023-06-07 01:42:38.665Z",1.06961,1.06967
"exness","EURUSD","2023-06-07 01:42:38.696Z",1.06959,1.06966
"exness","EURUSD","2023-06-07 01:42:39.701Z",1.06958,1.06964
"exness","EURUSD","2023-06-07 01:42:45.272Z",1.0695999999999999,1.06966
"exness","EURUSD","2023-06-07 01:42:45.343Z",1.06962,1.06968
"exness","EURUSD","2023-06-07 01:42:49.568Z",1.06963,1.06968
"exness","EURUSD","2023-06-07 01:42:49.667Z",1.06962,1.06967
"exness","EURUSD","2023-06-07 01:42:49.723Z",1.0695999999999999,1.06966
"exness","EURUSD","2023-06-07 01:42:49.779Z",1.06959,1.06965
"exness","EURUSD","2023-06-07 01:42:54.403Z",1.06959,1.06964
"exness","EURUSD","2023-06-07 01:42:55.351Z",1.06957,1.06963
"exness","EURUSD","2023-06-07 01:42:55.391Z",1.06956,1.06962
"exness","EURUSD","2023-06-07 01:42:56.212Z",1.06957,1.06963
"exness","EURUSD","2023-06-07 01:43:00.694Z",1.06956,1.06962
"exness","EURUSD","2023-06-07 01:43:01.194Z",1.06954,1.0695999999999999
"exness","EURUSD","2023-06-07 01:43:01.671Z",1.06956,1.06961
"exness","EURUSD","2023-06-07 01:43:05.483Z",1.06957,1.06963
"exness","EURUSD","2023-06-07 01:43:10.138Z",1.06958,1.06964
"exness","EURUSD","2023-06-07 01:43:11.118Z",1.06959,1.06966
"exness","EURUSD","2023-06-07 01:43:11.149Z",1.06961,1.06966
"exness","EURUSD","2023-06-07 01:43:11.637Z",1.06962,1.06968
"exness","EURUSD","2023-06-07 01:43:13.434Z",1.0695999999999999,1.06966
"exness","EURUSD","2023-06-07 01:43:14.052Z",1.06959,1.06964
"exness","EURUSD","2023-06-07 01:43:20.909Z",1.06958,1.06964
"exness","EURUSD","2023-06-07 01:43:33.445Z",1.06956,1.06962
"exness","EURUSD","2023-06-07 01:43:33.502Z",1.06955,1.06961
"exness","EURUSD","2023-06-07 01:43:34.409Z",1.06953,1.06959
"exness","EURUSD","2023-06-07 01:43:34.435Z",1.06951,1.06958
"exness","EURUSD","2023-06-07 01:43:39.490Z",1.06952,1.06959
"exness","EURUSD","2023-06-07 01:43:45.329Z",1.06951,1.06957
"exness","EURUSD","2023-06-07 01:43:45.363Z",1.0695000000000001,1.06955
"exness","EURUSD","2023-06-07 01:43:47.699Z",1.06948,1.06955
"exness","EURUSD","2023-06-07 01:43:50.094Z",1.06951,1.06956
"exness","EURUSD","2023-06-07 01:43:50.114Z",1.06951,1.06957
"exness","EURUSD","2023-06-07 01:43:51.264Z",1.06952,1.06959
"exness","EURUSD","2023-06-07 01:43:52.351Z",1.06951,1.06958
"exness","EURUSD","2023-06-07 01:44:00.487Z",1.0695000000000001,1.06956
"exness","EURUSD","2023-06-07 01:44:03.689Z",1.06948,1.06954
"exness","EURUSD","2023-06-07 01:44:03.714Z",1.06946,1.06952
"exness","EURUSD","2023-06-07 01:44:03.736Z",1.06944,1.0695000000000001
"exness","EURUSD","2023-06-07 01:44:05.344Z",1.06943,1.06949
"exness","EURUSD","2023-06-07 01:44:06.738Z",1.06942,1.06948
"exness","EURUSD","2023-06-07 01:44:06.792Z",1.0694,1.06946
"exness","EURUSD","2023-06-07 01:44:07.796Z",1.06939,1.06945
"exness","EURUSD","2023-06-07 01:44:07.924Z",1.0694,1.06947
"exness","EURUSD","2023-06-07 01:44:08.546Z",1.06942,1.06948
"exness","EURUSD","2023-06-07 01:44:09.280Z",1.06944,1.0695000000000001
"exness","EURUSD","2023-06-07 01:44:09.576Z",1.06945,1.06951
"exness","EURUSD","2023-06-07 01:44:11.745Z",1.06946,1.06952
"exness","EURUSD","2023-06-07 01:44:12.842Z",1.06948,1.06954
"exness","EURUSD","2023-06-07 01:44:13.633Z",1.06946,1.06952
"exness","EURUSD","2023-06-07 01:44:14.324Z",1.06947,1.06952
"exness","EURUSD","2023-06-07 01:44:15.966Z",1.06946,1.06952
"exness","EURUSD","2023-06-07 01:44:17.399Z",1.06945,1.06951
"exness","EURUSD","2023-06-07 01:44:20.275Z",1.06945,1.0695000000000001
"exness","EURUSD","2023-06-07 01:44:20.496Z",1.06945,1.06951
"exness","EURUSD","2023-06-07 01:44:21.959Z",1.06946,1.06953
"exness","EURUSD","2023-06-07 01:44:23.167Z",1.06948,1.06954
"exness","EURUSD","2023-06-07 01:44:28.699Z",1.06949,1.06956
"exness","EURUSD","2023-06-07 01:44:35.338Z",1.06948,1.06955
"exness","EURUSD","2023-06-07 01:44:40.522Z",1.06947,1.06953
"exness","EURUSD","2023-06-07 01:44:45.541Z",1.06945,1.06951
"exness","EURUSD","2023-06-07 01:44:46.386Z",1.06944,1.06949
"exness","EURUSD","2023-06-07 01:44:51.695Z",1.06943,1.06949
"exness","EURUSD","2023-06-07 01:44:55.050Z",1.06944,1.06951
"exness","EURUSD","2023-06-07 01:44:56.185Z",1.06946,1.06952
"exness","EURUSD","2023-06-07 01:44:56.218Z",1.06947,1.06953
"exness","EURUSD","2023-06-07 01:45:23.895Z",1.06946,1.06952
"exness","EURUSD","2023-06-07 01:45:29.175Z",1.06947,1.06953
"exness","EURUSD","2023-06-07 01:45:31.906Z",1.06949,1.06955
"exness","EURUSD","2023-06-07 01:45:32.015Z",1.0695000000000001,1.06956
"exness","EURUSD","2023-06-07 01:45:40.754Z",1.06951,1.06957
"exness","EURUSD","2023-06-07 01:45:44.049Z",1.06953,1.06958
"exness","EURUSD","2023-06-07 01:45:46.339Z",1.06951,1.06958
"exness","EURUSD","2023-06-07 01:45:50.240Z",1.06951,1.06956
"exness","EURUSD","2023-06-07 01:45:52.924Z",1.06952,1.06958
"exness","EURUSD","2023-06-07 01:45:56.777Z",1.06953,1.06958
"exness","EURUSD","2023-06-07 01:46:15.138Z",1.06954,1.06961
"exness","EURUSD","2023-06-07 01:46:15.165Z",1.06956,1.06962
"exness","EURUSD","2023-06-07 01:46:17.399Z",1.06954,1.0695999999999999
"exness","EURUSD","2023-06-07 01:46:17.570Z",1.06952,1.06958
"exness","EURUSD","2023-06-07 01:46:31.121Z",1.0695000000000001,1.06956
"exness","EURUSD","2023-06-07 01:46:32.319Z",1.06949,1.06955
"exness","EURUSD","2023-06-07 01:46:35.508Z",1.06949,1.06954
"exness","EURUSD","2023-06-07 01:46:36.664Z",1.06949,1.06955
"exness","EURUSD","2023-06-07 01:46:37.060Z",1.06951,1.06956
