"Exness","Symbol","Timestamp","Bid","Ask"
"exness","EURUSD","2023-06-20 00:00:01.095Z",1.09234,1.09239
"exness","EURUSD","2023-06-20 00:00:01.363Z",1.09235,1.09241
"exness","EURUSD","2023-06-20 00:00:03.317Z",1.09235,1.0924
"exness","EURUSD","2023-06-20 00:00:03.782Z",1.09235,1.09241
"exness","EURUSD","2023-06-20 00:00:05.938Z",1.09236,1.09241
"exness","EURUSD","2023-06-20 00:00:06.942Z",1.09236,1.09242
"exness","EURUSD","2023-06-20 00:00:09.537Z",1.09237,1.09242
"exness","EURUSD","2023-06-20 00:00:13.704Z",1.09236,1.09242
"exness","EURUSD","2023-06-20 00:00:17.290Z",1.09235,1.09241
"exness","EURUSD","2023-06-20 00:00:17.980Z",1.09233,1.09239
"exness","EURUSD","2023-06-20 00:00:18.376Z",1.09231,1.09238
"exness","EURUSD","2023-06-20 00:00:19.452Z",1.09232,1.09237
"exness","EURUSD","2023-06-20 00:00:20.967Z",1.09231,1.09237
"exness","EURUSD","2023-06-20 00:00:22.184Z",1.09229,1.09236
"exness","EURUSD","2023-06-20 00:00:23.048Z",1.09231,1.09236
"exness","EURUSD","2023-06-20 00:00:24.550Z",1.09232,1.09237
"exness","EURUSD","2023-06-20 00:00:25.238Z",1.09232,1.09239
"exness","EURUSD","2023-06-20 00:00:25.275Z",1.09234,1.0924
"exness","EURUSD","2023-06-20 00:00:25.375Z",1.09236,1.09242
"exness","EURUSD","2023-06-20 00:00:27.490Z",1.09236,1.09243
"exness","EURUSD","2023-06-20 00:00:31.817Z",1.09237,1.09243
"exness","EURUSD","2023-06-20 00:00:31.855Z",1.09235,1.09241
"exness","EURUSD","2023-06-20 00:00:31.920Z",1.09234,1.0924
"exness","EURUSD","2023-06-20 00:00:33.343Z",1.09233,1.09238
"exness","EURUSD","2023-06-20 00:00:34.442Z",1.09232,1.09238
"exness","EURUSD","2023-06-20 00:00:35.091Z",1.09233,1.09238
"exness","EURUSD","2023-06-20 00:00:35.232Z",1.09234,1.0924
"exness","EURUSD","2023-06-20 00:00:35.310Z",1.09235,1.09242
"exness","EURUSD","2023-06-20 00:00:36.537Z",1.09236,1.09242
"exness","EURUSD","2023-06-20 00:00:37.978Z",1.09238,1.09243
"exness","EURUSD","2023-06-20 00:00:41.523Z",1.09236,1.09242
"exness","EURUSD","2023-06-20 00:00:41.552Z",1.09235,1.0924
"exness","EURUSD","2023-06-20 00:00:41.911Z",1.09234,1.0924
"exness","EURUSD","2023-06-20 00:00:42.635Z",1.09233,1.09238
"exness","EURUSD","2023-06-20 00:00:43.495Z",1.09232,1.09238
"exness","EURUSD","2023-06-20 00:00:44.499Z",1.09231,1.09238
"exness","EURUSD","2023-06-20 00:00:47.598Z",1.09231,1.09237
"exness","EURUSD","2023-06-20 00:00:55.385Z",1.09233,1.09239
"exness","EURUSD","2023-06-20 00:00:56.222Z",1.09231,1.09237
"exness","EURUSD","2023-06-20 00:00:57.490Z",1.0923,1.09236
"exness","EURUSD","2023-06-20 00:00:59.306Z",1.09229,1.09235
"exness","EURUSD","2023-06-20 00:01:00.702Z",1.0923,1.09236
"exness","EURUSD","2023-06-20 00:01:00.811Z",1.09232,1.09238
"exness","EURUSD","2023-06-20 00:01:01.894Z",1.09231,1.09237
"exness","EURUSD","2023-06-20 00:01:06.733Z",1.09232,1.09238
"exness","EURUSD","2023-06-20 00:01:10.120Z",1.09233,1.0924
"exness","EURUSD","2023-06-20 00:01:10.493Z",1.09235,1.09241
"exness","EURUSD","2023-06-20 00:01:10.688Z",1.09237,1.09242
"exness","EURUSD","2023-06-20 00:01:10.798Z",1.09237,1.09243
"exness","EURUSD","2023-06-20 00:01:10.824Z",1.09239,1.09245
"exness","EURUSD","2023-06-20 00:01:10.861Z",1.0924,1.09247
"exness","EURUSD","2023-06-20 00:01:11.166Z",1.09242,1.09247
"exness","EURUSD","2023-06-20 00:01:11.366Z",1.09243,1.09249
"exness","EURUSD","2023-06-20 00:01:15.796Z",1.09242,1.09249
"exness","EURUSD","2023-06-20 00:01:16.234Z",1.09244,1.0925
"exness","EURUSD","2023-06-20 00:01:16.293Z",1.09246,1.09252
"exness","EURUSD","2023-06-20 00:01:18.302Z",1.09246,1.09251
"exness","EURUSD","2023-06-20 00:01:20.177Z",1.09247,1.09252
"exness","EURUSD","2023-06-20 00:01:21.621Z",1.09247,1.09253
"exness","EURUSD","2023-06-20 00:01:25.845Z",1.09247,1.09254
"exness","EURUSD","2023-06-20 00:01:25.894Z",1.09249,1.09255
"exness","EURUSD","2023-06-20 00:01:25.936Z",1.0925,1.09257
"exness","EURUSD","2023-06-20 00:01:26.119Z",1.09252,1.0925799999999999
"exness","EURUSD","2023-06-20 00:01:26.149Z",1.09254,1.09259
"exness","EURUSD","2023-06-20 00:01:26.917Z",1.09252,1.09259
"exness","EURUSD","2023-06-20 00:01:27.099Z",1.09251,1.09257
"exness","EURUSD","2023-06-20 00:01:27.647Z",1.09249,1.09255
"exness","EURUSD","2023-06-20 00:01:28.494Z",1.09251,1.09256
"exness","EURUSD","2023-06-20 00:01:29.521Z",1.09251,1.09257
"exness","EURUSD","2023-06-20 00:01:30.063Z",1.09251,1.09256
"exness","EURUSD","2023-06-20 00:01:31.176Z",1.09251,1.09257
"exness","EURUSD","2023-06-20 00:01:33.115Z",1.09251,1.09256
"exness","EURUSD","2023-06-20 00:01:34.252Z",1.09251,1.09257
"exness","EURUSD","2023-06-20 00:01:35.252Z",1.09252,1.0925799999999999
"exness","EURUSD","2023-06-20 00:01:36.346Z",1.09253,1.09259
"exness","EURUSD","2023-06-20 00:01:39.362Z",1.09254,1.0926
"exness","EURUSD","2023-06-20 00:01:39.380Z",1.09256,1.09262
"exness","EURUSD","2023-06-20 00:01:40.288Z",1.09257,1.09262
"exness","EURUSD","2023-06-20 00:01:41.835Z",1.09256,1.09262
"exness","EURUSD","2023-06-20 00:01:41.882Z",1.09254,1.0926
"exness","EURUSD","2023-06-20 00:01:42.461Z",1.09254,1.09259
"exness","EURUSD","2023-06-20 00:01:44.495Z",1.09253,1.09259
"exness","EURUSD","2023-06-20 00:01:45.658Z",1.09252,1.09259
"exness","EURUSD","2023-06-20 00:01:49.071Z",1.09252,1.0925799999999999
"exness","EURUSD","2023-06-20 00:01:50.406Z",1.0925,1.09256
"exness","EURUSD","2023-06-20 00:01:50.446Z",1.09249,1.09255
"exness","EURUSD","2023-06-20 00:01:51.654Z",1.09249,1.09254
"exness","EURUSD","2023-06-20 00:01:52.682Z",1.0924800000000001,1.09254
"exness","EURUSD","2023-06-20 00:01:58.798Z",1.09249,1.09255
"exness","EURUSD","2023-06-20 00:01:58.831Z",1.09251,1.09257
"exness","EURUSD","2023-06-20 00:01:59.718Z",1.09252,1.09257
"exness","EURUSD","2023-06-20 00:02:01.311Z",1.0925,1.09257
"exness","EURUSD","2023-06-20 00:02:01.349Z",1.09249,1.09255
"exness","EURUSD","2023-06-20 00:02:02.797Z",1.0925,1.09256
"exness","EURUSD","2023-06-20 00:02:03.087Z",1.0924800000000001,1.09255
"exness","EURUSD","2023-06-20 00:02:03.969Z",1.09247,1.09253
"exness","EURUSD","2023-06-20 00:02:04.016Z",1.09245,1.09251
"exness","EURUSD","2023-06-20 00:02:04.219Z",1.09245,1.0925
"exness","EURUSD","2023-06-20 00:02:05.252Z",1.09243,1.0925
"exness","EURUSD","2023-06-20 00:02:06.254Z",1.09244,1.09249
"exness","EURUSD","2023-06-20 00:02:07.393Z",1.09243,1.09249
"exness","EURUSD","2023-06-20 00:02:08.427Z",1.09243,1.0925
"exness","EURUSD","2023-06-20 00:02:09.772Z",1.09242,1.0924800000000001
"exness","EURUSD","2023-06-20 00:02:11.057Z",1.0924,1.09247
"exness","EURUSD","2023-06-20 00:02:12.254Z",1.09241,1.09246
"exness","EURUSD","2023-06-20 00:02:13.375Z",1.0924,1.09246
"exness","EURUSD","2023-06-20 00:02:14.577Z",1.09241,1.0924800000000001
"exness","EURUSD","2023-06-20 00:02:15.677Z",1.09242,1.09247
"exness","EURUSD","2023-06-20 00:02:15.965Z",1.09241,1.09247
"exness","EURUSD","2023-06-20 00:02:16.824Z",1.0924,1.09245
"exness","EURUSD","2023-06-20 00:02:17.859Z",1.0924,1.09246
"exness","EURUSD","2023-06-20 00:02:18.070Z",1.09238,1.09244
"exness","EURUSD","2023-06-20 00:02:19.220Z",1.09238,1.09243
"exness","EURUSD","2023-06-20 00:02:20.294Z",1.09237,1.09244
"exness","EURUSD","2023-06-20 00:02:22.068Z",1.09239,1.09245
"exness","EURUSD","2023-06-20 00:02:22.654Z",1.09241,1.09246
"exness","EURUSD","2023-06-20 00:02:23.672Z",1.0924,1.09245
"exness","EURUSD","2023-06-20 00:02:24.969Z",1.0924,1.09246
"exness","EURUSD","2023-06-20 00:02:28.692Z",1.09239,1.09246
"exness","EURUSD","2023-06-20 00:02:33.076Z",1.0924,1.09246
"exness","EURUSD","2023-06-20 00:02:33.505Z",1.09242,1.09247
"exness","EURUSD","2023-06-20 00:02:34.003Z",1.0924,1.09246
"exness","EURUSD","2023-06-20 00:02:35.019Z",1.09241,1.09246
"exness","EURUSD","2023-06-20 00:02:36.090Z",1.0924,1.09247
"exness","EURUSD","2023-06-20 00:02:38.157Z",1.0924,1.09246
"exness","EURUSD","2023-06-20 00:02:39.450Z",1.09241,1.09247
"exness","EURUSD","2023-06-20 00:02:40.518Z",1.0924,1.09247
"exness","EURUSD","2023-06-20 00:02:41.546Z",1.09241,1.09246
"exness","EURUSD","2023-06-20 00:02:43.221Z",1.0924,1.09246
"exness","EURUSD","2023-06-20 00:02:56.226Z",1.0924,1.09245
"exness","EURUSD","2023-06-20 00:02:57.234Z",1.0924,1.09246
"exness","EURUSD","2023-06-20 00:03:00.024Z",1.0924,1.09245
"exness","EURUSD","2023-06-20 00:03:01.031Z",1.0924,1.09246
"exness","EURUSD","2023-06-20 00:03:02.612Z",1.0924,1.09247
"exness","EURUSD","2023-06-20 00:03:03.772Z",1.09241,1.09246
"exness","EURUSD","2023-06-20 00:03:03.837Z",1.09241,1.0924800000000001
"exness","EURUSD","2023-06-20 00:03:05.275Z",1.09242,1.0924800000000001
"exness","EURUSD","2023-06-20 00:03:09.352Z",1.0924,1.09247
"exness","EURUSD","2023-06-20 00:03:10.381Z",1.09241,1.09246
"exness","EURUSD","2023-06-20 00:03:11.238Z",1.09239,1.09245
"exness","EURUSD","2023-06-20 00:03:11.271Z",1.09237,1.09244
"exness","EURUSD","2023-06-20 00:03:12.298Z",1.09238,1.09243
"exness","EURUSD","2023-06-20 00:03:15.769Z",1.09237,1.09243
"exness","EURUSD","2023-06-20 00:03:22.355Z",1.09235,1.09241
"exness","EURUSD","2023-06-20 00:03:22.411Z",1.09234,1.0924
"exness","EURUSD","2023-06-20 00:03:23.264Z",1.09233,1.09238
"exness","EURUSD","2023-06-20 00:03:23.774Z",1.09233,1.0924
"exness","EURUSD","2023-06-20 00:03:23.811Z",1.09235,1.09241
"exness","EURUSD","2023-06-20 00:03:24.082Z",1.09236,1.09243
"exness","EURUSD","2023-06-20 00:03:25.091Z",1.09237,1.09243
"exness","EURUSD","2023-06-20 00:03:27.341Z",1.09239,1.09245
"exness","EURUSD","2023-06-20 00:03:27.367Z",1.0924,1.09247
"exness","EURUSD","2023-06-20 00:03:27.715Z",1.09242,1.0924800000000001
"exness","EURUSD","2023-06-20 00:03:29.229Z",1.09243,1.0924800000000001
"exness","EURUSD","2023-06-20 00:03:29.847Z",1.09243,1.0925
"exness","EURUSD","2023-06-20 00:03:30.840Z",1.09243,1.09249
"exness","EURUSD","2023-06-20 00:03:32.952Z",1.09242,1.09249
"exness","EURUSD","2023-06-20 00:03:34.594Z",1.09244,1.09249
"exness","EURUSD","2023-06-20 00:03:35.592Z",1.09245,1.09251
"exness","EURUSD","2023-06-20 00:03:37.296Z",1.09247,1.09253
"exness","EURUSD","2023-06-20 00:03:37.561Z",1.09249,1.09254
"exness","EURUSD","2023-06-20 00:03:39.021Z",1.0924800000000001,1.09254
"exness","EURUSD","2023-06-20 00:03:57.959Z",1.0925,1.09256
"exness","EURUSD","2023-06-20 00:03:58.010Z",1.09251,1.0925799999999999
"exness","EURUSD","2023-06-20 00:03:58.965Z",1.09253,1.09259
"exness","EURUSD","2023-06-20 00:03:58.998Z",1.09255,1.09261
"exness","EURUSD","2023-06-20 00:03:59.648Z",1.09253,1.09259
"exness","EURUSD","2023-06-20 00:04:00.718Z",1.09254,1.09259
"exness","EURUSD","2023-06-20 00:04:00.751Z",1.09252,1.0925799999999999
"exness","EURUSD","2023-06-20 00:04:01.777Z",1.09252,1.09259
"exness","EURUSD","2023-06-20 00:04:02.798Z",1.09253,1.09259
"exness","EURUSD","2023-06-20 00:04:02.884Z",1.09254,1.0926
"exness","EURUSD","2023-06-20 00:04:03.443Z",1.09256,1.09262
"exness","EURUSD","2023-06-20 00:04:04.924Z",1.09257,1.09263
"exness","EURUSD","2023-06-20 00:04:06.043Z",1.0925799999999999,1.09264
"exness","EURUSD","2023-06-20 00:04:15.156Z",1.09257,1.09264
"exness","EURUSD","2023-06-20 00:04:16.193Z",1.0925799999999999,1.09264
"exness","EURUSD","2023-06-20 00:04:17.367Z",1.09259,1.09264
"exness","EURUSD","2023-06-20 00:04:19.803Z",1.0925799999999999,1.09264
"exness","EURUSD","2023-06-20 00:04:20.824Z",1.09257,1.09263
"exness","EURUSD","2023-06-20 00:04:20.833Z",1.09255,1.09262
"exness","EURUSD","2023-06-20 00:04:20.846Z",1.09254,1.0926
"exness","EURUSD","2023-06-20 00:04:20.864Z",1.09252,1.09259
"exness","EURUSD","2023-06-20 00:04:20.894Z",1.09251,1.09257
"exness","EURUSD","2023-06-20 00:04:20.924Z",1.09249,1.09255
"exness","EURUSD","2023-06-20 00:04:20.971Z",1.0924800000000001,1.09254
"exness","EURUSD","2023-06-20 00:04:21.180Z",1.09246,1.09252
"exness","EURUSD","2023-06-20 00:04:22.261Z",1.09247,1.09253
"exness","EURUSD","2023-06-20 00:04:23.186Z",1.09245,1.09251
"exness","EURUSD","2023-06-20 00:04:23.262Z",1.09244,1.0925
"exness","EURUSD","2023-06-20 00:04:24.250Z",1.09245,1.0925
"exness","EURUSD","2023-06-20 00:04:24.280Z",1.09246,1.09252
"exness","EURUSD","2023-06-20 00:04:24.307Z",1.09247,1.09252
"exness","EURUSD","2023-06-20 00:04:25.459Z",1.0924800000000001,1.09253
"exness","EURUSD","2023-06-20 00:04:26.493Z",1.09246,1.09252
"exness","EURUSD","2023-06-20 00:04:26.534Z",1.09244,1.09251
"exness","EURUSD","2023-06-20 00:04:26.542Z",1.09242,1.09249
"exness","EURUSD","2023-06-20 00:04:26.597Z",1.09241,1.09247
"exness","EURUSD","2023-06-20 00:04:26.962Z",1.09239,1.09245
"exness","EURUSD","2023-06-20 00:04:27.595Z",1.09239,1.09244
"exness","EURUSD","2023-06-20 00:04:28.690Z",1.09238,1.09244
"exness","EURUSD","2023-06-20 00:04:29.774Z",1.09238,1.09245
"exness","EURUSD","2023-06-20 00:04:30.930Z",1.09239,1.09245
"exness","EURUSD","2023-06-20 00:04:35.027Z",1.09241,1.09246
"exness","EURUSD","2023-06-20 00:04:35.034Z",1.09239,1.09245
"exness","EURUSD","2023-06-20 00:04:35.052Z",1.09238,1.09244
"exness","EURUSD","2023-06-20 00:04:35.085Z",1.09236,1.09242
"exness","EURUSD","2023-06-20 00:04:35.120Z",1.09236,1.09241
"exness","EURUSD","2023-06-20 00:04:36.130Z",1.09235,1.09241
"exness","EURUSD","2023-06-20 00:04:37.371Z",1.09235,1.09242
"exness","EURUSD","2023-06-20 00:04:38.398Z",1.09235,1.09241
"exness","EURUSD","2023-06-20 00:04:39.409Z",1.09234,1.09241
"exness","EURUSD","2023-06-20 00:04:42.612Z",1.09234,1.0924
"exness","EURUSD","2023-06-20 00:04:43.626Z",1.09233,1.09239
"exness","EURUSD","2023-06-20 00:04:45.639Z",1.09233,1.0924
"exness","EURUSD","2023-06-20 00:04:46.650Z",1.09234,1.0924
"exness","EURUSD","2023-06-20 00:04:47.672Z",1.09233,1.0924
"exness","EURUSD","2023-06-20 00:04:47.867Z",1.09232,1.09238
"exness","EURUSD","2023-06-20 00:04:47.918Z",1.09231,1.09236
"exness","EURUSD","2023-06-20 00:04:48.025Z",1.09232,1.09238
"exness","EURUSD","2023-06-20 00:04:49.936Z",1.09233,1.09239
"exness","EURUSD","2023-06-20 00:04:50.430Z",1.09234,1.09239
"exness","EURUSD","2023-06-20 00:04:51.190Z",1.09232,1.09239
"exness","EURUSD","2023-06-20 00:04:51.212Z",1.09231,1.09237
"exness","EURUSD","2023-06-20 00:04:54.816Z",1.09231,1.09238
"exness","EURUSD","2023-06-20 00:04:55.962Z",1.09232,1.09238
"exness","EURUSD","2023-06-20 00:04:58.273Z",1.0923,1.09236
"exness","EURUSD","2023-06-20 00:05:00.869Z",1.09231,1.09236
"exness","EURUSD","2023-06-20 00:05:00.896Z",1.09229,1.09235
"exness","EURUSD","2023-06-20 00:05:00.907Z",1.09229,1.09234
"exness","EURUSD","2023-06-20 00:05:00.945Z",1.09227,1.09233
"exness","EURUSD","2023-06-20 00:05:02.987Z",1.09225,1.09232
"exness","EURUSD","2023-06-20 00:05:04.210Z",1.09226,1.09232
"exness","EURUSD","2023-06-20 00:05:04.551Z",1.09227,1.09234
"exness","EURUSD","2023-06-20 00:05:04.727Z",1.09229,1.09235
"exness","EURUSD","2023-06-20 00:05:05.013Z",1.09227,1.09234
"exness","EURUSD","2023-06-20 00:05:05.059Z",1.09227,1.09232
"exness","EURUSD","2023-06-20 00:05:07.110Z",1.09225,1.09232
"exness","EURUSD","2023-06-20 00:05:13.666Z",1.09226,1.09231
"exness","EURUSD","2023-06-20 00:05:14.892Z",1.09225,1.09232
"exness","EURUSD","2023-06-20 00:05:17.543Z",1.09226,1.09232
"exness","EURUSD","2023-06-20 00:05:20.588Z",1.09225,1.09232
"exness","EURUSD","2023-06-20 00:05:21.599Z",1.09226,1.09232
"exness","EURUSD","2023-06-20 00:05:27.046Z",1.09227,1.09233
"exness","EURUSD","2023-06-20 00:05:29.111Z",1.09226,1.09233
"exness","EURUSD","2023-06-20 00:05:30.121Z",1.09227,1.09233
"exness","EURUSD","2023-06-20 00:05:32.108Z",1.09228,1.09235
"exness","EURUSD","2023-06-20 00:05:33.691Z",1.09229,1.09235
"exness","EURUSD","2023-06-20 00:05:34.230Z",1.0923,1.09235
"exness","EURUSD","2023-06-20 00:05:35.239Z",1.09231,1.09236
"exness","EURUSD","2023-06-20 00:05:36.980Z",1.09231,1.09237
"exness","EURUSD","2023-06-20 00:05:37.013Z",1.09233,1.09239
"exness","EURUSD","2023-06-20 00:05:38.018Z",1.09234,1.0924
"exness","EURUSD","2023-06-20 00:05:40.446Z",1.09234,1.09239
"exness","EURUSD","2023-06-20 00:05:41.453Z",1.09234,1.0924
"exness","EURUSD","2023-06-20 00:05:45.015Z",1.09234,1.09241
"exness","EURUSD","2023-06-20 00:05:45.085Z",1.09236,1.09242
"exness","EURUSD","2023-06-20 00:05:46.400Z",1.09237,1.09243
"exness","EURUSD","2023-06-20 00:05:47.407Z",1.09238,1.09243
"exness","EURUSD","2023-06-20 00:05:48.801Z",1.09237,1.09244
"exness","EURUSD","2023-06-20 00:05:50.601Z",1.09237,1.09243
"exness","EURUSD","2023-06-20 00:05:52.866Z",1.09236,1.09243
"exness","EURUSD","2023-06-20 00:05:57.108Z",1.09235,1.09241
"exness","EURUSD","2023-06-20 00:05:58.114Z",1.09234,1.0924
"exness","EURUSD","2023-06-20 00:05:59.371Z",1.09235,1.0924
"exness","EURUSD","2023-06-20 00:05:59.611Z",1.09233,1.09239
"exness","EURUSD","2023-06-20 00:06:00.505Z",1.09231,1.09238
"exness","EURUSD","2023-06-20 00:06:00.554Z",1.0923,1.09236
"exness","EURUSD","2023-06-20 00:06:00.664Z",1.09228,1.09235
"exness","EURUSD","2023-06-20 00:06:01.177Z",1.09228,1.09233
"exness","EURUSD","2023-06-20 00:06:02.548Z",1.09228,1.09234
"exness","EURUSD","2023-06-20 00:06:03.560Z",1.09227,1.09234
"exness","EURUSD","2023-06-20 00:06:07.067Z",1.09227,1.09233
"exness","EURUSD","2023-06-20 00:06:08.357Z",1.09229,1.09235
"exness","EURUSD","2023-06-20 00:06:13.042Z",1.09229,1.09236
"exness","EURUSD","2023-06-20 00:06:15.574Z",1.09229,1.09235
"exness","EURUSD","2023-06-20 00:06:17.846Z",1.09228,1.09234
"exness","EURUSD","2023-06-20 00:06:20.117Z",1.09227,1.09234
"exness","EURUSD","2023-06-20 00:06:22.647Z",1.09228,1.09234
"exness","EURUSD","2023-06-20 00:06:25.313Z",1.09226,1.09232
"exness","EURUSD","2023-06-20 00:06:25.324Z",1.09224,1.09231
"exness","EURUSD","2023-06-20 00:06:25.330Z",1.09223,1.09229
"exness","EURUSD","2023-06-20 00:06:25.346Z",1.09221,1.09228
"exness","EURUSD","2023-06-20 00:06:25.361Z",1.09221,1.09226
"exness","EURUSD","2023-06-20 00:06:25.380Z",1.09219,1.09226
"exness","EURUSD","2023-06-20 00:06:25.693Z",1.09218,1.09224
"exness","EURUSD","2023-06-20 00:06:28.814Z",1.09217,1.09223
"exness","EURUSD","2023-06-20 00:06:34.272Z",1.09219,1.09225
"exness","EURUSD","2023-06-20 00:06:34.313Z",1.0922,1.09226
"exness","EURUSD","2023-06-20 00:06:35.388Z",1.09221,1.09227
"exness","EURUSD","2023-06-20 00:06:36.572Z",1.09222,1.09227
"exness","EURUSD","2023-06-20 00:06:38.731Z",1.09221,1.09227
"exness","EURUSD","2023-06-20 00:06:40.206Z",1.0922,1.09226
"exness","EURUSD","2023-06-20 00:06:41.233Z",1.09221,1.09227
"exness","EURUSD","2023-06-20 00:06:42.284Z",1.09222,1.09229
"exness","EURUSD","2023-06-20 00:06:42.304Z",1.09224,1.0923
"exness","EURUSD","2023-06-20 00:06:42.346Z",1.09225,1.09232
"exness","EURUSD","2023-06-20 00:06:42.627Z",1.09227,1.09232
"exness","EURUSD","2023-06-20 00:06:43.635Z",1.09227,1.09233
"exness","EURUSD","2023-06-20 00:06:44.411Z",1.09228,1.09235
"exness","EURUSD","2023-06-20 00:06:45.461Z",1.09229,1.09235
"exness","EURUSD","2023-06-20 00:06:47.118Z",1.09227,1.09234
"exness","EURUSD","2023-06-20 00:06:50.161Z",1.09227,1.09233
"exness","EURUSD","2023-06-20 00:06:53.231Z",1.09228,1.09234
"exness","EURUSD","2023-06-20 00:06:56.834Z",1.09228,1.09235
"exness","EURUSD","2023-06-20 00:06:59.651Z",1.09227,1.09234
"exness","EURUSD","2023-06-20 00:07:00.817Z",1.09228,1.09235
"exness","EURUSD","2023-06-20 00:07:01.824Z",1.09229,1.09234
"exness","EURUSD","2023-06-20 00:07:04.348Z",1.09229,1.09235
"exness","EURUSD","2023-06-20 00:07:08.399Z",1.09227,1.09234
"exness","EURUSD","2023-06-20 00:07:08.960Z",1.09226,1.09232
"exness","EURUSD","2023-06-20 00:07:09.121Z",1.09224,1.0923
"exness","EURUSD","2023-06-20 00:07:10.371Z",1.09224,1.09229
"exness","EURUSD","2023-06-20 00:07:12.352Z",1.09223,1.09229
"exness","EURUSD","2023-06-20 00:07:13.408Z",1.09222,1.09229
"exness","EURUSD","2023-06-20 00:07:14.431Z",1.09223,1.09229
"exness","EURUSD","2023-06-20 00:07:16.620Z",1.09224,1.0923
"exness","EURUSD","2023-06-20 00:07:17.694Z",1.09225,1.09232
"exness","EURUSD","2023-06-20 00:07:18.879Z",1.09226,1.09231
"exness","EURUSD","2023-06-20 00:07:19.963Z",1.09225,1.09232
"exness","EURUSD","2023-06-20 00:07:22.323Z",1.09227,1.09233
"exness","EURUSD","2023-06-20 00:07:22.353Z",1.09229,1.09235
"exness","EURUSD","2023-06-20 00:07:22.360Z",1.0923,1.09236
"exness","EURUSD","2023-06-20 00:07:23.435Z",1.09231,1.09237
"exness","EURUSD","2023-06-20 00:07:24.462Z",1.09231,1.09236
"exness","EURUSD","2023-06-20 00:07:25.739Z",1.0923,1.09237
"exness","EURUSD","2023-06-20 00:07:30.074Z",1.09232,1.09238
"exness","EURUSD","2023-06-20 00:07:31.091Z",1.09232,1.09237
"exness","EURUSD","2023-06-20 00:07:32.261Z",1.09232,1.09238
"exness","EURUSD","2023-06-20 00:07:42.068Z",1.09233,1.0924
"exness","EURUSD","2023-06-20 00:07:42.102Z",1.09235,1.09241
"exness","EURUSD","2023-06-20 00:07:44.144Z",1.09235,1.09242
"exness","EURUSD","2023-06-20 00:07:49.626Z",1.09236,1.09242
"exness","EURUSD","2023-06-20 00:07:52.544Z",1.09235,1.09242
"exness","EURUSD","2023-06-20 00:07:53.840Z",1.09235,1.09241
"exness","EURUSD","2023-06-20 00:07:54.733Z",1.09234,1.0924
"exness","EURUSD","2023-06-20 00:07:57.209Z",1.09233,1.09239
"exness","EURUSD","2023-06-20 00:07:58.302Z",1.09233,1.0924
"exness","EURUSD","2023-06-20 00:07:59.312Z",1.09234,1.0924
"exness","EURUSD","2023-06-20 00:08:00.353Z",1.09233,1.09239
"exness","EURUSD","2023-06-20 00:08:01.448Z",1.09233,1.0924
"exness","EURUSD","2023-06-20 00:08:04.270Z",1.09234,1.09241
"exness","EURUSD","2023-06-20 00:08:07.836Z",1.09235,1.0924
"exness","EURUSD","2023-06-20 00:08:11.270Z",1.09235,1.09241
"exness","EURUSD","2023-06-20 00:08:13.045Z",1.09236,1.09241
"exness","EURUSD","2023-06-20 00:08:15.500Z",1.09236,1.09242
"exness","EURUSD","2023-06-20 00:08:15.590Z",1.09238,1.09243
"exness","EURUSD","2023-06-20 00:08:16.838Z",1.09237,1.09243
"exness","EURUSD","2023-06-20 00:08:18.054Z",1.09235,1.09241
"exness","EURUSD","2023-06-20 00:08:18.136Z",1.09234,1.0924
"exness","EURUSD","2023-06-20 00:08:18.617Z",1.09232,1.09238
"exness","EURUSD","2023-06-20 00:08:18.621Z",1.0923,1.09237
"exness","EURUSD","2023-06-20 00:08:18.626Z",1.09229,1.09235
"exness","EURUSD","2023-06-20 00:08:19.520Z",1.09228,1.09233
"exness","EURUSD","2023-06-20 00:08:20.663Z",1.09227,1.09233
"exness","EURUSD","2023-06-20 00:08:22.379Z",1.09228,1.09235
"exness","EURUSD","2023-06-20 00:08:23.509Z",1.09229,1.09235
"exness","EURUSD","2023-06-20 00:08:25.322Z",1.0923,1.09237
"exness","EURUSD","2023-06-20 00:08:25.914Z",1.09232,1.09238
"exness","EURUSD","2023-06-20 00:08:27.526Z",1.09233,1.0924
"exness","EURUSD","2023-06-20 00:08:28.638Z",1.09234,1.09239
"exness","EURUSD","2023-06-20 00:08:30.774Z",1.09233,1.0924
"exness","EURUSD","2023-06-20 00:08:31.778Z",1.09234,1.0924
"exness","EURUSD","2023-06-20 00:08:32.841Z",1.09233,1.0924
"exness","EURUSD","2023-06-20 00:08:36.922Z",1.09234,1.09241
"exness","EURUSD","2023-06-20 00:08:38.032Z",1.09234,1.0924
"exness","EURUSD","2023-06-20 00:08:40.821Z",1.09236,1.09242
"exness","EURUSD","2023-06-20 00:08:42.040Z",1.09236,1.09241
"exness","EURUSD","2023-06-20 00:08:43.060Z",1.09238,1.09243
"exness","EURUSD","2023-06-20 00:08:44.270Z",1.09237,1.09243
"exness","EURUSD","2023-06-20 00:08:50.582Z",1.09238,1.09243
"exness","EURUSD","2023-06-20 00:08:56.349Z",1.09237,1.09244
"exness","EURUSD","2023-06-20 00:09:03.693Z",1.09238,1.09244
"exness","EURUSD","2023-06-20 00:09:05.919Z",1.09238,1.09245
"exness","EURUSD","2023-06-20 00:09:06.930Z",1.09238,1.09244
"exness","EURUSD","2023-06-20 00:09:08.055Z",1.09239,1.09244
"exness","EURUSD","2023-06-20 00:09:11.453Z",1.0924,1.09246
"exness","EURUSD","2023-06-20 00:09:11.898Z",1.09241,1.09246
"exness","EURUSD","2023-06-20 00:09:15.468Z",1.0924,1.09246
"exness","EURUSD","2023-06-20 00:09:18.707Z",1.09239,1.09245
"exness","EURUSD","2023-06-20 00:09:26.176Z",1.09237,1.09243
"exness","EURUSD","2023-06-20 00:09:29.628Z",1.09238,1.09244
"exness","EURUSD","2023-06-20 00:09:30.060Z",1.09237,1.09242
"exness","EURUSD","2023-06-20 00:09:32.087Z",1.09237,1.09243
"exness","EURUSD","2023-06-20 00:09:37.154Z",1.09238,1.09243
"exness","EURUSD","2023-06-20 00:09:38.166Z",1.09237,1.09244
"exness","EURUSD","2023-06-20 00:09:39.462Z",1.09237,1.09243
"exness","EURUSD","2023-06-20 00:09:43.697Z",1.09238,1.09244
"exness","EURUSD","2023-06-20 00:09:44.795Z",1.09238,1.09243
"exness","EURUSD","2023-06-20 00:09:45.897Z",1.09238,1.09244
"exness","EURUSD","2023-06-20 00:09:46.942Z",1.09239,1.09245
"exness","EURUSD","2023-06-20 00:09:49.412Z",1.09239,1.09244
"exness","EURUSD","2023-06-20 00:09:50.730Z",1.09238,1.09244
"exness","EURUSD","2023-06-20 00:09:51.737Z",1.09237,1.09244
"exness","EURUSD","2023-06-20 00:09:51.926Z",1.09237,1.09242
"exness","EURUSD","2023-06-20 00:09:52.960Z",1.09236,1.09243
"exness","EURUSD","2023-06-20 00:09:54.044Z",1.09236,1.09242
"exness","EURUSD","2023-06-20 00:09:54.215Z",1.09234,1.0924
"exness","EURUSD","2023-06-20 00:09:55.237Z",1.09233,1.09239
"exness","EURUSD","2023-06-20 00:09:56.317Z",1.09234,1.09239
"exness","EURUSD","2023-06-20 00:09:57.750Z",1.09233,1.09239
"exness","EURUSD","2023-06-20 00:09:58.833Z",1.09233,1.0924
"exness","EURUSD","2023-06-20 00:09:58.933Z",1.09235,1.09241
"exness","EURUSD","2023-06-20 00:10:00.252Z",1.09236,1.09242
"exness","EURUSD","2023-06-20 00:10:01.361Z",1.09235,1.09241
"exness","EURUSD","2023-06-20 00:10:02.423Z",1.09234,1.0924
"exness","EURUSD","2023-06-20 00:10:03.432Z",1.09233,1.0924
"exness","EURUSD","2023-06-20 00:10:04.233Z",1.09235,1.09241
"exness","EURUSD","2023-06-20 00:10:04.543Z",1.09236,1.09243
"exness","EURUSD","2023-06-20 00:10:06.011Z",1.09237,1.09242
"exness","EURUSD","2023-06-20 00:10:07.454Z",1.09237,1.09243
"exness","EURUSD","2023-06-20 00:10:09.601Z",1.09236,1.09242
"exness","EURUSD","2023-06-20 00:10:10.267Z",1.09235,1.09241
"exness","EURUSD","2023-06-20 00:10:10.352Z",1.09233,1.09239
"exness","EURUSD","2023-06-20 00:10:10.772Z",1.09232,1.09238
"exness","EURUSD","2023-06-20 00:10:11.860Z",1.09232,1.09237
"exness","EURUSD","2023-06-20 00:10:14.171Z",1.09232,1.09238
"exness","EURUSD","2023-06-20 00:10:26.889Z",1.09231,1.09237
"exness","EURUSD","2023-06-20 00:10:34.092Z",1.09231,1.09238
"exness","EURUSD","2023-06-20 00:10:37.703Z",1.09232,1.09237
"exness","EURUSD","2023-06-20 00:10:41.080Z",1.09231,1.09237
"exness","EURUSD","2023-06-20 00:10:42.100Z",1.0923,1.09237
"exness","EURUSD","2023-06-20 00:10:44.121Z",1.09231,1.09236
"exness","EURUSD","2023-06-20 00:10:46.644Z",1.09231,1.09238
"exness","EURUSD","2023-06-20 00:10:48.373Z",1.09232,1.09237
"exness","EURUSD","2023-06-20 00:10:49.715Z",1.09232,1.09238
"exness","EURUSD","2023-06-20 00:10:52.952Z",1.09232,1.09237
"exness","EURUSD","2023-06-20 00:10:53.192Z",1.0923,1.09236
"exness","EURUSD","2023-06-20 00:10:53.533Z",1.09228,1.09235
"exness","EURUSD","2023-06-20 00:10:54.625Z",1.09228,1.09234
"exness","EURUSD","2023-06-20 00:10:57.437Z",1.09227,1.09233
"exness","EURUSD","2023-06-20 00:10:58.677Z",1.09228,1.09233
"exness","EURUSD","2023-06-20 00:11:00.325Z",1.09226,1.09232
"exness","EURUSD","2023-06-20 00:11:00.366Z",1.09224,1.09231
"exness","EURUSD","2023-06-20 00:11:00.405Z",1.09223,1.09229
"exness","EURUSD","2023-06-20 00:11:01.424Z",1.09222,1.09228
"exness","EURUSD","2023-06-20 00:11:04.160Z",1.09222,1.09227
"exness","EURUSD","2023-06-20 00:11:04.187Z",1.09223,1.09229
"exness","EURUSD","2023-06-20 00:11:05.299Z",1.09223,1.09228
"exness","EURUSD","2023-06-20 00:11:07.385Z",1.09222,1.09229
"exness","EURUSD","2023-06-20 00:11:08.884Z",1.09222,1.09228
"exness","EURUSD","2023-06-20 00:11:54.489Z",1.09223,1.09228
"exness","EURUSD","2023-06-20 00:11:58.889Z",1.09222,1.09229
"exness","EURUSD","2023-06-20 00:11:59.891Z",1.09223,1.09228
"exness","EURUSD","2023-06-20 00:12:01.104Z",1.09222,1.09229
"exness","EURUSD","2023-06-20 00:12:04.188Z",1.09223,1.09229
"exness","EURUSD","2023-06-20 00:12:06.668Z",1.09222,1.09229
"exness","EURUSD","2023-06-20 00:12:07.688Z",1.09222,1.09228
"exness","EURUSD","2023-06-20 00:12:07.837Z",1.0922,1.09226
"exness","EURUSD","2023-06-20 00:12:07.923Z",1.09219,1.09225
"exness","EURUSD","2023-06-20 00:12:08.039Z",1.09217,1.09223
"exness","EURUSD","2023-06-20 00:12:09.047Z",1.09217,1.09222
"exness","EURUSD","2023-06-20 00:12:11.355Z",1.09216,1.09222
"exness","EURUSD","2023-06-20 00:12:11.375Z",1.09214,1.0922
"exness","EURUSD","2023-06-20 00:12:13.194Z",1.09213,1.09219
"exness","EURUSD","2023-06-20 00:12:14.641Z",1.09214,1.0922
"exness","EURUSD","2023-06-20 00:12:16.816Z",1.09213,1.09219
"exness","EURUSD","2023-06-20 00:12:17.984Z",1.09212,1.09218
"exness","EURUSD","2023-06-20 00:12:18.110Z",1.0921,1.09217
"exness","EURUSD","2023-06-20 00:12:18.141Z",1.09209,1.09215
"exness","EURUSD","2023-06-20 00:12:19.183Z",1.09208,1.09214
"exness","EURUSD","2023-06-20 00:12:20.185Z",1.09207,1.09214
"exness","EURUSD","2023-06-20 00:12:27.515Z",1.09209,1.09214
"exness","EURUSD","2023-06-20 00:12:28.589Z",1.09209,1.09216
"exness","EURUSD","2023-06-20 00:12:29.604Z",1.0921,1.09215
"exness","EURUSD","2023-06-20 00:12:33.873Z",1.09211,1.09216
"exness","EURUSD","2023-06-20 00:12:34.593Z",1.09211,1.09217
"exness","EURUSD","2023-06-20 00:12:34.603Z",1.09212,1.09219
"exness","EURUSD","2023-06-20 00:12:34.633Z",1.09214,1.09219
"exness","EURUSD","2023-06-20 00:12:37.260Z",1.09215,1.0922
"exness","EURUSD","2023-06-20 00:12:39.725Z",1.09215,1.09221
"exness","EURUSD","2023-06-20 00:12:40.853Z",1.09216,1.09222
"exness","EURUSD","2023-06-20 00:12:43.361Z",1.09216,1.09223
"exness","EURUSD","2023-06-20 00:12:44.375Z",1.09217,1.09223
"exness","EURUSD","2023-06-20 00:12:45.490Z",1.09216,1.09223
"exness","EURUSD","2023-06-20 00:12:52.290Z",1.09216,1.09222
"exness","EURUSD","2023-06-20 00:13:04.954Z",1.09214,1.09221
"exness","EURUSD","2023-06-20 00:13:06.372Z",1.09213,1.0922
"exness","EURUSD","2023-06-20 00:13:07.458Z",1.09213,1.09219
"exness","EURUSD","2023-06-20 00:13:15.594Z",1.09212,1.09219
"exness","EURUSD","2023-06-20 00:13:26.708Z",1.09214,1.09219
"exness","EURUSD","2023-06-20 00:13:30.351Z",1.09213,1.0922
"exness","EURUSD","2023-06-20 00:13:40.484Z",1.09214,1.0922
"exness","EURUSD","2023-06-20 00:13:40.529Z",1.09216,1.09222
"exness","EURUSD","2023-06-20 00:13:42.601Z",1.09217,1.09223
"exness","EURUSD","2023-06-20 00:13:51.830Z",1.09218,1.09223
"exness","EURUSD","2023-06-20 00:14:00.518Z",1.09217,1.09223
"exness","EURUSD","2023-06-20 00:14:01.574Z",1.09218,1.09224
"exness","EURUSD","2023-06-20 00:14:13.257Z",1.09217,1.09224
"exness","EURUSD","2023-06-20 00:14:16.620Z",1.09219,1.09225
"exness","EURUSD","2023-06-20 00:14:17.909Z",1.0922,1.09226
"exness","EURUSD","2023-06-20 00:14:32.534Z",1.0922,1.09225
"exness","EURUSD","2023-06-20 00:14:34.415Z",1.09219,1.09226
"exness","EURUSD","2023-06-20 00:14:35.437Z",1.0922,1.09226
"exness","EURUSD","2023-06-20 00:14:51.746Z",1.09221,1.09228
"exness","EURUSD","2023-06-20 00:14:51.771Z",1.09223,1.09229
"exness","EURUSD","2023-06-20 00:14:52.861Z",1.09224,1.0923
"exness","EURUSD","2023-06-20 00:14:54.982Z",1.09225,1.0923
"exness","EURUSD","2023-06-20 00:14:57.873Z",1.09223,1.0923
"exness","EURUSD","2023-06-20 00:15:00.178Z",1.09223,1.09229
"exness","EURUSD","2023-06-20 00:15:01.183Z",1.09221,1.09228
"exness","EURUSD","2023-06-20 00:15:02.010Z",1.0922,1.09226
"exness","EURUSD","2023-06-20 00:15:03.147Z",1.09219,1.09225
"exness","EURUSD","2023-06-20 00:15:03.520Z",1.09221,1.09227
"exness","EURUSD","2023-06-20 00:15:04.612Z",1.09222,1.09227
"exness","EURUSD","2023-06-20 00:15:05.640Z",1.09222,1.09228
"exness","EURUSD","2023-06-20 00:15:16.221Z",1.09223,1.09229
"exness","EURUSD","2023-06-20 00:15:18.229Z",1.09225,1.09231
"exness","EURUSD","2023-06-20 00:15:20.317Z",1.09226,1.09232
"exness","EURUSD","2023-06-20 00:15:23.953Z",1.09227,1.09232
"exness","EURUSD","2023-06-20 00:15:27.740Z",1.09226,1.09232
"exness","EURUSD","2023-06-20 00:15:28.277Z",1.09224,1.0923
"exness","EURUSD","2023-06-20 00:15:31.053Z",1.09223,1.0923
"exness","EURUSD","2023-06-20 00:15:32.616Z",1.09223,1.09228
"exness","EURUSD","2023-06-20 00:15:33.720Z",1.09222,1.09227
"exness","EURUSD","2023-06-20 00:15:36.144Z",1.09222,1.09228
"exness","EURUSD","2023-06-20 00:15:36.675Z",1.0922,1.09226
"exness","EURUSD","2023-06-20 00:15:38.813Z",1.09219,1.09226
"exness","EURUSD","2023-06-20 00:15:40.020Z",1.0922,1.09226
"exness","EURUSD","2023-06-20 00:15:42.792Z",1.0922,1.09225
"exness","EURUSD","2023-06-20 00:15:43.979Z",1.09219,1.09225
"exness","EURUSD","2023-06-20 00:15:47.922Z",1.09217,1.09224
"exness","EURUSD","2023-06-20 00:15:47.944Z",1.09216,1.09222
"exness","EURUSD","2023-06-20 00:15:47.987Z",1.09214,1.0922
"exness","EURUSD","2023-06-20 00:15:48.356Z",1.09213,1.09219
"exness","EURUSD","2023-06-20 00:15:49.168Z",1.09213,1.09218
"exness","EURUSD","2023-06-20 00:15:50.168Z",1.09212,1.09217
"exness","EURUSD","2023-06-20 00:15:52.837Z",1.09212,1.09218
"exness","EURUSD","2023-06-20 00:15:53.880Z",1.09211,1.09218
"exness","EURUSD","2023-06-20 00:15:54.003Z",1.0921,1.09216
"exness","EURUSD","2023-06-20 00:15:54.114Z",1.09209,1.09214
"exness","EURUSD","2023-06-20 00:15:55.372Z",1.09208,1.09214
"exness","EURUSD","2023-06-20 00:15:56.669Z",1.09207,1.09213
"exness","EURUSD","2023-06-20 00:16:02.439Z",1.09206,1.09212
"exness","EURUSD","2023-06-20 00:16:05.647Z",1.09206,1.09213
"exness","EURUSD","2023-06-20 00:16:07.852Z",1.09208,1.09213
"exness","EURUSD","2023-06-20 00:16:10.016Z",1.09207,1.09213
"exness","EURUSD","2023-06-20 00:16:14.562Z",1.09206,1.09213
"exness","EURUSD","2023-06-20 00:16:23.688Z",1.09206,1.09212
"exness","EURUSD","2023-06-20 00:16:24.120Z",1.09205,1.09211
"exness","EURUSD","2023-06-20 00:16:24.131Z",1.09203,1.09209
"exness","EURUSD","2023-06-20 00:16:24.153Z",1.09201,1.09208
"exness","EURUSD","2023-06-20 00:16:25.313Z",1.09202,1.09208
"exness","EURUSD","2023-06-20 00:16:26.329Z",1.09203,1.09209
"exness","EURUSD","2023-06-20 00:16:31.185Z",1.09204,1.09211
"exness","EURUSD","2023-06-20 00:16:32.274Z",1.09205,1.09211
"exness","EURUSD","2023-06-20 00:16:37.028Z",1.09204,1.09211
"exness","EURUSD","2023-06-20 00:16:39.134Z",1.09205,1.09211
"exness","EURUSD","2023-06-20 00:16:40.695Z",1.09205,1.0921
"exness","EURUSD","2023-06-20 00:16:43.580Z",1.09205,1.09212
"exness","EURUSD","2023-06-20 00:16:45.602Z",1.09206,1.09212
"exness","EURUSD","2023-06-20 00:16:49.503Z",1.09205,1.09212
"exness","EURUSD","2023-06-20 00:16:53.598Z",1.09205,1.09211
"exness","EURUSD","2023-06-20 00:16:54.629Z",1.09206,1.09212
"exness","EURUSD","2023-06-20 00:16:55.997Z",1.09207,1.09212
"exness","EURUSD","2023-06-20 00:17:00.168Z",1.09207,1.09213
"exness","EURUSD","2023-06-20 00:17:14.784Z",1.09207,1.09214
"exness","EURUSD","2023-06-20 00:17:18.161Z",1.09207,1.09213
"exness","EURUSD","2023-06-20 00:17:19.329Z",1.09206,1.09212
"exness","EURUSD","2023-06-20 00:17:20.365Z",1.09205,1.09211
"exness","EURUSD","2023-06-20 00:17:23.940Z",1.09205,1.0921
"exness","EURUSD","2023-06-20 00:17:26.472Z",1.09203,1.0921
"exness","EURUSD","2023-06-20 00:17:26.566Z",1.09202,1.09208
"exness","EURUSD","2023-06-20 00:17:28.929Z",1.09202,1.09207
"exness","EURUSD","2023-06-20 00:17:30.319Z",1.09202,1.09208
"exness","EURUSD","2023-06-20 00:17:34.679Z",1.092,1.09207
"exness","EURUSD","2023-06-20 00:17:34.712Z",1.09199,1.09205
"exness","EURUSD","2023-06-20 00:17:36.060Z",1.0919699999999999,1.09204
"exness","EURUSD","2023-06-20 00:17:39.277Z",1.09198,1.09203
"exness","EURUSD","2023-06-20 00:17:40.325Z",1.0919699999999999,1.09204
"exness","EURUSD","2023-06-20 00:17:41.376Z",1.0919699999999999,1.09203
"exness","EURUSD","2023-06-20 00:17:42.433Z",1.0919699999999999,1.09204
"exness","EURUSD","2023-06-20 00:17:43.808Z",1.09198,1.09204
"exness","EURUSD","2023-06-20 00:17:51.603Z",1.09196,1.09202
"exness","EURUSD","2023-06-20 00:17:51.616Z",1.09195,1.09201
"exness","EURUSD","2023-06-20 00:17:51.663Z",1.09193,1.09199
"exness","EURUSD","2023-06-20 00:17:51.720Z",1.09193,1.09198
"exness","EURUSD","2023-06-20 00:17:53.574Z",1.09192,1.09199
"exness","EURUSD","2023-06-20 00:17:59.097Z",1.09194,1.092
"exness","EURUSD","2023-06-20 00:18:02.125Z",1.09193,1.092
"exness","EURUSD","2023-06-20 00:18:08.609Z",1.09194,1.09201
"exness","EURUSD","2023-06-20 00:18:13.368Z",1.09195,1.092
"exness","EURUSD","2023-06-20 00:18:16.986Z",1.09194,1.092
"exness","EURUSD","2023-06-20 00:18:21.261Z",1.09194,1.09201
"exness","EURUSD","2023-06-20 00:18:25.069Z",1.09195,1.09201
"exness","EURUSD","2023-06-20 00:18:42.007Z",1.0919699999999999,1.09203
"exness","EURUSD","2023-06-20 00:18:42.026Z",1.09199,1.09205
"exness","EURUSD","2023-06-20 00:18:42.195Z",1.092,1.09206
"exness","EURUSD","2023-06-20 00:18:43.196Z",1.09201,1.09207
"exness","EURUSD","2023-06-20 00:18:44.582Z",1.09202,1.09208
"exness","EURUSD","2023-06-20 00:18:56.077Z",1.092,1.09206
"exness","EURUSD","2023-06-20 00:18:58.080Z",1.09202,1.09207
"exness","EURUSD","2023-06-20 00:19:00.163Z",1.09201,1.09207
"exness","EURUSD","2023-06-20 00:19:02.232Z",1.09201,1.09208
"exness","EURUSD","2023-06-20 00:19:10.264Z",1.09201,1.09207
"exness","EURUSD","2023-06-20 00:19:13.660Z",1.09201,1.09208
"exness","EURUSD","2023-06-20 00:19:14.827Z",1.09202,1.09207
"exness","EURUSD","2023-06-20 00:19:17.080Z",1.09202,1.09208
"exness","EURUSD","2023-06-20 00:19:18.498Z",1.09203,1.09209
"exness","EURUSD","2023-06-20 00:19:19.505Z",1.09203,1.0921
"exness","EURUSD","2023-06-20 00:19:20.595Z",1.09203,1.09209
"exness","EURUSD","2023-06-20 00:19:20.618Z",1.09202,1.09208
"exness","EURUSD","2023-06-20 00:19:20.656Z",1.092,1.09206
"exness","EURUSD","2023-06-20 00:19:21.709Z",1.09199,1.09205
"exness","EURUSD","2023-06-20 00:19:36.886Z",1.0919699999999999,1.09203
"exness","EURUSD","2023-06-20 00:19:36.945Z",1.09196,1.09202
"exness","EURUSD","2023-06-20 00:19:36.970Z",1.09194,1.092
"exness","EURUSD","2023-06-20 00:19:38.297Z",1.09192,1.09199
"exness","EURUSD","2023-06-20 00:19:39.481Z",1.09192,1.09198
"exness","EURUSD","2023-06-20 00:19:40.821Z",1.09191,1.09198
"exness","EURUSD","2023-06-20 00:19:48.207Z",1.09191,1.0919699999999999
"exness","EURUSD","2023-06-20 00:19:49.231Z",1.0919,1.09196
"exness","EURUSD","2023-06-20 00:19:50.272Z",1.09189,1.09196
"exness","EURUSD","2023-06-20 00:19:51.264Z",1.09188,1.09194
"exness","EURUSD","2023-06-20 00:19:52.074Z",1.09187,1.09192
"exness","EURUSD","2023-06-20 00:19:53.212Z",1.09186,1.09192
"exness","EURUSD","2023-06-20 00:19:53.892Z",1.09184,1.09191
"exness","EURUSD","2023-06-20 00:19:54.840Z",1.09186,1.09192
"exness","EURUSD","2023-06-20 00:19:55.517Z",1.09187,1.09194
"exness","EURUSD","2023-06-20 00:19:56.157Z",1.09189,1.09194
"exness","EURUSD","2023-06-20 00:19:56.943Z",1.09189,1.09196
"exness","EURUSD","2023-06-20 00:19:59.610Z",1.0919,1.09196
"exness","EURUSD","2023-06-20 00:20:05.349Z",1.09191,1.09198
"exness","EURUSD","2023-06-20 00:20:05.664Z",1.09193,1.09198
"exness","EURUSD","2023-06-20 00:20:10.659Z",1.09192,1.09198
"exness","EURUSD","2023-06-20 00:20:13.904Z",1.09191,1.0919699999999999
"exness","EURUSD","2023-06-20 00:20:14.384Z",1.0919,1.09195
"exness","EURUSD","2023-06-20 00:20:14.853Z",1.09191,1.0919699999999999
"exness","EURUSD","2023-06-20 00:20:15.906Z",1.09192,1.0919699999999999
"exness","EURUSD","2023-06-20 00:20:18.058Z",1.09191,1.09198
"exness","EURUSD","2023-06-20 00:20:20.325Z",1.09191,1.0919699999999999
"exness","EURUSD","2023-06-20 00:20:23.323Z",1.0919,1.09196
"exness","EURUSD","2023-06-20 00:20:24.377Z",1.0919,1.09195
"exness","EURUSD","2023-06-20 00:20:27.514Z",1.0919,1.09196
"exness","EURUSD","2023-06-20 00:20:31.396Z",1.09191,1.0919699999999999
"exness","EURUSD","2023-06-20 00:20:37.852Z",1.09192,1.0919699999999999
"exness","EURUSD","2023-06-20 00:20:38.935Z",1.09191,1.0919699999999999
"exness","EURUSD","2023-06-20 00:20:41.619Z",1.09189,1.09196
"exness","EURUSD","2023-06-20 00:20:42.884Z",1.0919,1.0919699999999999
"exness","EURUSD","2023-06-20 00:20:43.957Z",1.09192,1.0919699999999999
"exness","EURUSD","2023-06-20 00:20:45.171Z",1.09191,1.09196
"exness","EURUSD","2023-06-20 00:20:48.230Z",1.09191,1.0919699999999999
"exness","EURUSD","2023-06-20 00:20:48.499Z",1.09192,1.09198
"exness","EURUSD","2023-06-20 00:20:49.866Z",1.09193,1.09199
"exness","EURUSD","2023-06-20 00:20:50.920Z",1.09192,1.09198
"exness","EURUSD","2023-06-20 00:20:57.819Z",1.09191,1.09198
"exness","EURUSD","2023-06-20 00:20:59.173Z",1.09193,1.09199
"exness","EURUSD","2023-06-20 00:21:00.384Z",1.09193,1.092
"exness","EURUSD","2023-06-20 00:21:02.542Z",1.09192,1.09199
"exness","EURUSD","2023-06-20 00:21:03.687Z",1.09193,1.09198
"exness","EURUSD","2023-06-20 00:21:04.313Z",1.09193,1.09199
"exness","EURUSD","2023-06-20 00:21:05.074Z",1.09195,1.092
"exness","EURUSD","2023-06-20 00:21:05.150Z",1.09195,1.09201
"exness","EURUSD","2023-06-20 00:21:05.370Z",1.09195,1.092
"exness","EURUSD","2023-06-20 00:21:05.497Z",1.09193,1.09199
"exness","EURUSD","2023-06-20 00:21:06.739Z",1.09194,1.09199
"exness","EURUSD","2023-06-20 00:21:07.837Z",1.09193,1.09198
"exness","EURUSD","2023-06-20 00:21:08.913Z",1.09193,1.09199
"exness","EURUSD","2023-06-20 00:21:08.965Z",1.09195,1.09201
"exness","EURUSD","2023-06-20 00:21:10.060Z",1.09195,1.09202
"exness","EURUSD","2023-06-20 00:21:11.041Z",1.09195,1.092
"exness","EURUSD","2023-06-20 00:21:12.206Z",1.09194,1.092
"exness","EURUSD","2023-06-20 00:21:20.562Z",1.09195,1.09201
"exness","EURUSD","2023-06-20 00:21:21.622Z",1.09195,1.09202
"exness","EURUSD","2023-06-20 00:21:22.635Z",1.09196,1.09201
"exness","EURUSD","2023-06-20 00:21:26.023Z",1.09195,1.09202
"exness","EURUSD","2023-06-20 00:21:29.570Z",1.09196,1.09202
"exness","EURUSD","2023-06-20 00:21:31.041Z",1.09194,1.092
"exness","EURUSD","2023-06-20 00:21:32.041Z",1.09194,1.09199
"exness","EURUSD","2023-06-20 00:21:35.089Z",1.09194,1.092
"exness","EURUSD","2023-06-20 00:21:38.376Z",1.09193,1.092
"exness","EURUSD","2023-06-20 00:21:39.488Z",1.09193,1.09199
"exness","EURUSD","2023-06-20 00:21:43.099Z",1.09193,1.09198
"exness","EURUSD","2023-06-20 00:21:44.159Z",1.09193,1.092
"exness","EURUSD","2023-06-20 00:21:45.172Z",1.09194,1.09199
"exness","EURUSD","2023-06-20 00:21:46.176Z",1.09193,1.09199
"exness","EURUSD","2023-06-20 00:21:47.232Z",1.09191,1.09198
"exness","EURUSD","2023-06-20 00:21:48.234Z",1.0919,1.09196
"exness","EURUSD","2023-06-20 00:21:48.915Z",1.09188,1.09194
"exness","EURUSD","2023-06-20 00:21:50.042Z",1.09188,1.09193
"exness","EURUSD","2023-06-20 00:21:51.117Z",1.09188,1.09194
"exness","EURUSD","2023-06-20 00:21:53.244Z",1.09189,1.09195
"exness","EURUSD","2023-06-20 00:21:53.287Z",1.0919,1.0919699999999999
"exness","EURUSD","2023-06-20 00:21:53.372Z",1.09192,1.09198
"exness","EURUSD","2023-06-20 00:21:53.968Z",1.09193,1.09198
"exness","EURUSD","2023-06-20 00:21:55.129Z",1.09193,1.09199
"exness","EURUSD","2023-06-20 00:21:55.275Z",1.09195,1.09201
"exness","EURUSD","2023-06-20 00:21:55.446Z",1.09196,1.09201
"exness","EURUSD","2023-06-20 00:21:57.963Z",1.09196,1.09202
"exness","EURUSD","2023-06-20 00:21:59.328Z",1.09198,1.09204
"exness","EURUSD","2023-06-20 00:22:01.250Z",1.09198,1.09205
"exness","EURUSD","2023-06-20 00:22:02.446Z",1.0919699999999999,1.09204
"exness","EURUSD","2023-06-20 00:22:04.638Z",1.0919699999999999,1.09203
"exness","EURUSD","2023-06-20 00:22:06.171Z",1.0919699999999999,1.09204
"exness","EURUSD","2023-06-20 00:22:11.590Z",1.09198,1.09204
"exness","EURUSD","2023-06-20 00:22:16.397Z",1.0919699999999999,1.09203
"exness","EURUSD","2023-06-20 00:22:32.081Z",1.09196,1.09202
"exness","EURUSD","2023-06-20 00:22:32.304Z",1.09194,1.092
"exness","EURUSD","2023-06-20 00:22:33.323Z",1.09193,1.092
"exness","EURUSD","2023-06-20 00:22:35.991Z",1.09194,1.092
"exness","EURUSD","2023-06-20 00:22:37.624Z",1.09194,1.09199
"exness","EURUSD","2023-06-20 00:22:38.922Z",1.09193,1.092
"exness","EURUSD","2023-06-20 00:22:56.165Z",1.09194,1.092
"exness","EURUSD","2023-06-20 00:22:59.577Z",1.09192,1.09198
"exness","EURUSD","2023-06-20 00:23:01.859Z",1.09192,1.09199
"exness","EURUSD","2023-06-20 00:23:02.923Z",1.09193,1.09199
"exness","EURUSD","2023-06-20 00:23:04.113Z",1.09192,1.09199
"exness","EURUSD","2023-06-20 00:23:05.126Z",1.09193,1.09199
"exness","EURUSD","2023-06-20 00:23:10.793Z",1.09194,1.092
"exness","EURUSD","2023-06-20 00:23:13.381Z",1.09193,1.092
"exness","EURUSD","2023-06-20 00:23:14.965Z",1.09194,1.09199
"exness","EURUSD","2023-06-20 00:23:17.726Z",1.09193,1.09199
"exness","EURUSD","2023-06-20 00:23:21.360Z",1.09194,1.09199
"exness","EURUSD","2023-06-20 00:23:24.657Z",1.09194,1.092
"exness","EURUSD","2023-06-20 00:23:25.189Z",1.09193,1.09198
"exness","EURUSD","2023-06-20 00:23:26.193Z",1.09193,1.09199
"exness","EURUSD","2023-06-20 00:23:40.921Z",1.09193,1.092
"exness","EURUSD","2023-06-20 00:23:43.521Z",1.09193,1.09199
"exness","EURUSD","2023-06-20 00:23:56.109Z",1.09191,1.09198
"exness","EURUSD","2023-06-20 00:23:56.169Z",1.0919,1.09196
"exness","EURUSD","2023-06-20 00:23:56.318Z",1.09188,1.09195
"exness","EURUSD","2023-06-20 00:23:56.406Z",1.09187,1.09193
"exness","EURUSD","2023-06-20 00:23:56.425Z",1.09185,1.09191
"exness","EURUSD","2023-06-20 00:23:56.505Z",1.09184,1.0919
"exness","EURUSD","2023-06-20 00:23:58.823Z",1.09183,1.0919
"exness","EURUSD","2023-06-20 00:23:59.899Z",1.09184,1.0919
"exness","EURUSD","2023-06-20 00:24:02.317Z",1.09185,1.0919
"exness","EURUSD","2023-06-20 00:24:03.694Z",1.09185,1.09191
"exness","EURUSD","2023-06-20 00:24:04.839Z",1.09185,1.09192
"exness","EURUSD","2023-06-20 00:24:06.222Z",1.09184,1.0919
"exness","EURUSD","2023-06-20 00:24:06.327Z",1.09182,1.09188
"exness","EURUSD","2023-06-20 00:24:07.497Z",1.09183,1.09188
"exness","EURUSD","2023-06-20 00:24:09.146Z",1.09181,1.09188
"exness","EURUSD","2023-06-20 00:24:10.200Z",1.09181,1.09187
"exness","EURUSD","2023-06-20 00:24:16.146Z",1.09181,1.09188
"exness","EURUSD","2023-06-20 00:24:22.531Z",1.09181,1.09187
"exness","EURUSD","2023-06-20 00:24:36.545Z",1.09183,1.09189
"exness","EURUSD","2023-06-20 00:24:36.559Z",1.09184,1.0919
"exness","EURUSD","2023-06-20 00:24:37.128Z",1.09184,1.09189
"exness","EURUSD","2023-06-20 00:24:39.143Z",1.09182,1.09188
"exness","EURUSD","2023-06-20 00:24:39.221Z",1.09181,1.09187
"exness","EURUSD","2023-06-20 00:24:39.264Z",1.0918,1.09185
"exness","EURUSD","2023-06-20 00:24:39.290Z",1.09179,1.09185
"exness","EURUSD","2023-06-20 00:24:40.440Z",1.09178,1.09184
"exness","EURUSD","2023-06-20 00:24:43.441Z",1.09179,1.09185
"exness","EURUSD","2023-06-20 00:24:45.578Z",1.09179,1.09184
"exness","EURUSD","2023-06-20 00:24:45.900Z",1.09179,1.09186
"exness","EURUSD","2023-06-20 00:24:46.362Z",1.09181,1.09187
"exness","EURUSD","2023-06-20 00:24:47.471Z",1.09182,1.09188
"exness","EURUSD","2023-06-20 00:24:48.480Z",1.09182,1.09187
"exness","EURUSD","2023-06-20 00:24:49.515Z",1.09182,1.09188
"exness","EURUSD","2023-06-20 00:24:55.345Z",1.09183,1.09188
"exness","EURUSD","2023-06-20 00:24:58.242Z",1.09181,1.09188
"exness","EURUSD","2023-06-20 00:24:59.640Z",1.09181,1.09187
"exness","EURUSD","2023-06-20 00:25:01.123Z",1.0918,1.09187
"exness","EURUSD","2023-06-20 00:25:02.234Z",1.09181,1.09187
"exness","EURUSD","2023-06-20 00:25:12.956Z",1.0918,1.09187
"exness","EURUSD","2023-06-20 00:25:21.182Z",1.09179,1.09185
"exness","EURUSD","2023-06-20 00:25:21.200Z",1.09177,1.09183
"exness","EURUSD","2023-06-20 00:25:21.234Z",1.09175,1.09182
"exness","EURUSD","2023-06-20 00:25:21.272Z",1.09174,1.0918
"exness","EURUSD","2023-06-20 00:25:21.491Z",1.09173,1.09178
"exness","EURUSD","2023-06-20 00:25:22.493Z",1.09173,1.09179
"exness","EURUSD","2023-06-20 00:25:23.763Z",1.09172,1.09179
"exness","EURUSD","2023-06-20 00:25:25.044Z",1.09172,1.09178
"exness","EURUSD","2023-06-20 00:25:36.752Z",1.09173,1.09179
"exness","EURUSD","2023-06-20 00:25:41.784Z",1.09172,1.09178
"exness","EURUSD","2023-06-20 00:25:42.786Z",1.09173,1.09179
"exness","EURUSD","2023-06-20 00:25:43.804Z",1.09173,1.09178
"exness","EURUSD","2023-06-20 00:25:54.389Z",1.09173,1.09179
"exness","EURUSD","2023-06-20 00:25:58.501Z",1.09173,1.0918
"exness","EURUSD","2023-06-20 00:26:00.970Z",1.09174,1.09179
"exness","EURUSD","2023-06-20 00:26:00.984Z",1.09172,1.09179
"exness","EURUSD","2023-06-20 00:26:02.551Z",1.09172,1.09178
"exness","EURUSD","2023-06-20 00:26:05.847Z",1.0917,1.09176
"exness","EURUSD","2023-06-20 00:26:05.945Z",1.0917,1.09175
"exness","EURUSD","2023-06-20 00:26:08.889Z",1.09169,1.09175
"exness","EURUSD","2023-06-20 00:26:09.902Z",1.09169,1.09176
"exness","EURUSD","2023-06-20 00:26:16.626Z",1.09169,1.09175
"exness","EURUSD","2023-06-20 00:26:32.964Z",1.09169,1.09174
"exness","EURUSD","2023-06-20 00:26:48.232Z",1.09169,1.09176
"exness","EURUSD","2023-06-20 00:26:51.374Z",1.0917,1.09176
"exness","EURUSD","2023-06-20 00:26:52.055Z",1.09172,1.09178
"exness","EURUSD","2023-06-20 00:26:52.091Z",1.09173,1.09179
"exness","EURUSD","2023-06-20 00:26:54.640Z",1.09174,1.09179
"exness","EURUSD","2023-06-20 00:26:55.753Z",1.09174,1.0918
"exness","EURUSD","2023-06-20 00:26:56.851Z",1.09175,1.09181
"exness","EURUSD","2023-06-20 00:26:58.115Z",1.09176,1.09183
"exness","EURUSD","2023-06-20 00:26:59.842Z",1.09177,1.09183
"exness","EURUSD","2023-06-20 00:27:00.850Z",1.09176,1.09183
"exness","EURUSD","2023-06-20 00:27:02.140Z",1.09176,1.09182
"exness","EURUSD","2023-06-20 00:27:02.939Z",1.09178,1.09183
"exness","EURUSD","2023-06-20 00:27:05.805Z",1.09177,1.09184
"exness","EURUSD","2023-06-20 00:27:08.191Z",1.09178,1.09184
"exness","EURUSD","2023-06-20 00:27:09.323Z",1.09179,1.09185
"exness","EURUSD","2023-06-20 00:27:09.474Z",1.09181,1.09187
"exness","EURUSD","2023-06-20 00:27:10.523Z",1.09182,1.09188
"exness","EURUSD","2023-06-20 00:27:12.539Z",1.09183,1.09188
"exness","EURUSD","2023-06-20 00:27:14.733Z",1.09182,1.09187
"exness","EURUSD","2023-06-20 00:27:15.755Z",1.09182,1.09188
"exness","EURUSD","2023-06-20 00:27:17.576Z",1.09183,1.09189
"exness","EURUSD","2023-06-20 00:27:26.176Z",1.09182,1.09188
"exness","EURUSD","2023-06-20 00:27:27.808Z",1.09183,1.0919
"exness","EURUSD","2023-06-20 00:27:28.893Z",1.09184,1.09189
"exness","EURUSD","2023-06-20 00:27:29.992Z",1.09183,1.09189
"exness","EURUSD","2023-06-20 00:27:31.086Z",1.09184,1.0919
"exness","EURUSD","2023-06-20 00:27:32.063Z",1.09185,1.0919
"exness","EURUSD","2023-06-20 00:27:34.110Z",1.09185,1.09191
"exness","EURUSD","2023-06-20 00:27:48.817Z",1.09185,1.09192
"exness","EURUSD","2023-06-20 00:27:58.242Z",1.09186,1.09191
"exness","EURUSD","2023-06-20 00:27:59.600Z",1.09186,1.09192
"exness","EURUSD","2023-06-20 00:28:04.675Z",1.09187,1.09193
"exness","EURUSD","2023-06-20 00:28:04.687Z",1.09189,1.09195
"exness","EURUSD","2023-06-20 00:28:05.027Z",1.0919,1.09195
"exness","EURUSD","2023-06-20 00:28:05.231Z",1.09191,1.0919699999999999
"exness","EURUSD","2023-06-20 00:28:07.488Z",1.0919,1.09196
"exness","EURUSD","2023-06-20 00:28:11.001Z",1.09189,1.09196
"exness","EURUSD","2023-06-20 00:28:12.615Z",1.0919,1.09196
"exness","EURUSD","2023-06-20 00:28:15.577Z",1.09191,1.0919699999999999
"exness","EURUSD","2023-06-20 00:28:19.045Z",1.0919,1.09196
"exness","EURUSD","2023-06-20 00:28:22.375Z",1.0919,1.09195
"exness","EURUSD","2023-06-20 00:28:26.733Z",1.0919,1.09196
"exness","EURUSD","2023-06-20 00:28:31.163Z",1.09191,1.09196
"exness","EURUSD","2023-06-20 00:28:33.484Z",1.0919,1.09196
"exness","EURUSD","2023-06-20 00:28:36.883Z",1.09191,1.0919699999999999
"exness","EURUSD","2023-06-20 00:28:44.908Z",1.0919,1.09196
"exness","EURUSD","2023-06-20 00:28:45.949Z",1.09189,1.09196
"exness","EURUSD","2023-06-20 00:28:48.770Z",1.0919,1.09195
"exness","EURUSD","2023-06-20 00:28:49.773Z",1.0919,1.09196
"exness","EURUSD","2023-06-20 00:28:51.753Z",1.09191,1.0919699999999999
"exness","EURUSD","2023-06-20 00:28:53.890Z",1.09191,1.09196
"exness","EURUSD","2023-06-20 00:28:54.636Z",1.0919,1.09196
"exness","EURUSD","2023-06-20 00:28:55.653Z",1.0919,1.09195
"exness","EURUSD","2023-06-20 00:29:08.977Z",1.09189,1.09195
"exness","EURUSD","2023-06-20 00:29:11.475Z",1.09189,1.09196
"exness","EURUSD","2023-06-20 00:29:20.935Z",1.0919,1.09196
"exness","EURUSD","2023-06-20 00:29:29.445Z",1.09189,1.09195
"exness","EURUSD","2023-06-20 00:29:31.255Z",1.09191,1.0919699999999999
"exness","EURUSD","2023-06-20 00:29:31.555Z",1.09192,1.09199
"exness","EURUSD","2023-06-20 00:29:31.611Z",1.09194,1.092
"exness","EURUSD","2023-06-20 00:29:31.680Z",1.09196,1.09201
"exness","EURUSD","2023-06-20 00:29:32.009Z",1.09194,1.092
"exness","EURUSD","2023-06-20 00:29:32.041Z",1.09193,1.09199
"exness","EURUSD","2023-06-20 00:29:33.336Z",1.09192,1.09198
"exness","EURUSD","2023-06-20 00:29:34.994Z",1.09192,1.0919699999999999
"exness","EURUSD","2023-06-20 00:29:38.314Z",1.09192,1.09198
"exness","EURUSD","2023-06-20 00:29:39.338Z",1.09191,1.09198
"exness","EURUSD","2023-06-20 00:29:39.818Z",1.0919,1.09196
"exness","EURUSD","2023-06-20 00:29:39.837Z",1.09188,1.09194
"exness","EURUSD","2023-06-20 00:29:39.878Z",1.09186,1.09193
"exness","EURUSD","2023-06-20 00:29:39.931Z",1.09185,1.09191
"exness","EURUSD","2023-06-20 00:29:40.942Z",1.09185,1.0919
"exness","EURUSD","2023-06-20 00:29:43.186Z",1.09184,1.09191
"exness","EURUSD","2023-06-20 00:29:44.331Z",1.09185,1.09191
"exness","EURUSD","2023-06-20 00:29:51.887Z",1.09185,1.09192
"exness","EURUSD","2023-06-20 00:29:56.713Z",1.09185,1.09191
"exness","EURUSD","2023-06-20 00:30:00.235Z",1.09184,1.0919
"exness","EURUSD","2023-06-20 00:30:01.542Z",1.09182,1.09188
"exness","EURUSD","2023-06-20 00:30:02.827Z",1.09181,1.09188
"exness","EURUSD","2023-06-20 00:30:03.967Z",1.0918,1.09187
"exness","EURUSD","2023-06-20 00:30:05.031Z",1.0918,1.09186
"exness","EURUSD","2023-06-20 00:30:05.054Z",1.09181,1.09188
"exness","EURUSD","2023-06-20 00:30:06.037Z",1.09183,1.09189
"exness","EURUSD","2023-06-20 00:30:06.190Z",1.09184,1.09191
"exness","EURUSD","2023-06-20 00:30:07.525Z",1.09185,1.09192
"exness","EURUSD","2023-06-20 00:30:08.643Z",1.09187,1.09192
"exness","EURUSD","2023-06-20 00:30:09.789Z",1.09186,1.09192
"exness","EURUSD","2023-06-20 00:30:12.944Z",1.09188,1.09194
"exness","EURUSD","2023-06-20 00:30:12.980Z",1.09189,1.09195
"exness","EURUSD","2023-06-20 00:30:13.263Z",1.09188,1.09194
"exness","EURUSD","2023-06-20 00:30:13.335Z",1.09187,1.09192
"exness","EURUSD","2023-06-20 00:30:13.409Z",1.09185,1.09191
"exness","EURUSD","2023-06-20 00:30:15.378Z",1.09184,1.0919
"exness","EURUSD","2023-06-20 00:30:21.390Z",1.09185,1.0919
"exness","EURUSD","2023-06-20 00:30:22.433Z",1.09184,1.0919
"exness","EURUSD","2023-06-20 00:30:25.156Z",1.09183,1.09189
"exness","EURUSD","2023-06-20 00:30:26.374Z",1.09184,1.0919
"exness","EURUSD","2023-06-20 00:30:30.393Z",1.09185,1.09191
"exness","EURUSD","2023-06-20 00:30:30.802Z",1.09184,1.09189
"exness","EURUSD","2023-06-20 00:30:32.389Z",1.09182,1.09189
"exness","EURUSD","2023-06-20 00:30:33.040Z",1.09184,1.0919
"exness","EURUSD","2023-06-20 00:30:33.066Z",1.09185,1.09192
"exness","EURUSD","2023-06-20 00:30:33.117Z",1.09187,1.09193
"exness","EURUSD","2023-06-20 00:30:33.186Z",1.09189,1.09195
"exness","EURUSD","2023-06-20 00:30:33.424Z",1.0919,1.0919699999999999
"exness","EURUSD","2023-06-20 00:30:33.653Z",1.09192,1.0919699999999999
"exness","EURUSD","2023-06-20 00:30:39.107Z",1.09192,1.09198
"exness","EURUSD","2023-06-20 00:30:46.992Z",1.09191,1.09198
"exness","EURUSD","2023-06-20 00:30:49.433Z",1.09191,1.0919699999999999
"exness","EURUSD","2023-06-20 00:31:00.339Z",1.0919,1.09196
"exness","EURUSD","2023-06-20 00:31:06.422Z",1.0919,1.09195
"exness","EURUSD","2023-06-20 00:31:07.990Z",1.09191,1.0919699999999999
"exness","EURUSD","2023-06-20 00:31:09.432Z",1.09192,1.0919699999999999
"exness","EURUSD","2023-06-20 00:31:10.816Z",1.09192,1.09198
"exness","EURUSD","2023-06-20 00:31:12.525Z",1.09194,1.09199
"exness","EURUSD","2023-06-20 00:31:21.123Z",1.09192,1.09198
"exness","EURUSD","2023-06-20 00:31:24.875Z",1.09193,1.09198
"exness","EURUSD","2023-06-20 00:31:26.408Z",1.09192,1.09198
"exness","EURUSD","2023-06-20 00:31:27.518Z",1.09191,1.09198
"exness","EURUSD","2023-06-20 00:31:28.826Z",1.0919,1.09196
"exness","EURUSD","2023-06-20 00:31:29.183Z",1.09188,1.09195
"exness","EURUSD","2023-06-20 00:31:29.302Z",1.09187,1.09193
"exness","EURUSD","2023-06-20 00:31:29.435Z",1.09185,1.09192
"exness","EURUSD","2023-06-20 00:31:29.442Z",1.09184,1.0919
"exness","EURUSD","2023-06-20 00:31:30.484Z",1.09184,1.09189
"exness","EURUSD","2023-06-20 00:31:31.597Z",1.09184,1.0919
"exness","EURUSD","2023-06-20 00:31:39.293Z",1.09182,1.09188
"exness","EURUSD","2023-06-20 00:31:40.101Z",1.09184,1.0919
"exness","EURUSD","2023-06-20 00:31:41.969Z",1.09185,1.0919
"exness","EURUSD","2023-06-20 00:31:43.149Z",1.09186,1.09191
"exness","EURUSD","2023-06-20 00:31:49.914Z",1.09185,1.09191
"exness","EURUSD","2023-06-20 00:31:50.926Z",1.09184,1.0919
"exness","EURUSD","2023-06-20 00:32:00.871Z",1.09183,1.0919
"exness","EURUSD","2023-06-20 00:32:03.578Z",1.09185,1.09191
"exness","EURUSD","2023-06-20 00:32:12.731Z",1.09186,1.09191
"exness","EURUSD","2023-06-20 00:32:19.278Z",1.09184,1.09191
"exness","EURUSD","2023-06-20 00:32:20.441Z",1.09184,1.09189
"exness","EURUSD","2023-06-20 00:32:23.937Z",1.09183,1.0919
"exness","EURUSD","2023-06-20 00:32:28.932Z",1.09183,1.09189
"exness","EURUSD","2023-06-20 00:32:31.986Z",1.09184,1.0919
"exness","EURUSD","2023-06-20 00:32:33.317Z",1.09183,1.0919
"exness","EURUSD","2023-06-20 00:32:33.453Z",1.09185,1.09191
"exness","EURUSD","2023-06-20 00:32:34.682Z",1.09186,1.09192
"exness","EURUSD","2023-06-20 00:32:35.948Z",1.09187,1.09193
"exness","EURUSD","2023-06-20 00:32:36.219Z",1.09189,1.09194
"exness","EURUSD","2023-06-20 00:32:38.915Z",1.09189,1.09195
"exness","EURUSD","2023-06-20 00:32:39.925Z",1.09189,1.09196
"exness","EURUSD","2023-06-20 00:32:40.925Z",1.0919,1.09195
"exness","EURUSD","2023-06-20 00:32:42.115Z",1.09189,1.09195
"exness","EURUSD","2023-06-20 00:32:47.322Z",1.09191,1.0919699999999999
"exness","EURUSD","2023-06-20 00:32:48.283Z",1.09192,1.09198
"exness","EURUSD","2023-06-20 00:32:48.992Z",1.09194,1.092
"exness","EURUSD","2023-06-20 00:32:49.265Z",1.09195,1.09202
"exness","EURUSD","2023-06-20 00:32:50.737Z",1.09196,1.09202
"exness","EURUSD","2023-06-20 00:32:52.131Z",1.09196,1.09201
"exness","EURUSD","2023-06-20 00:32:56.216Z",1.09195,1.09202
"exness","EURUSD","2023-06-20 00:33:02.177Z",1.09196,1.09202
"exness","EURUSD","2023-06-20 00:33:25.064Z",1.09194,1.092
"exness","EURUSD","2023-06-20 00:33:25.110Z",1.09193,1.09199
"exness","EURUSD","2023-06-20 00:33:27.129Z",1.09192,1.09198
"exness","EURUSD","2023-06-20 00:33:34.105Z",1.09191,1.09198
"exness","EURUSD","2023-06-20 00:33:34.227Z",1.0919,1.09196
"exness","EURUSD","2023-06-20 00:33:34.249Z",1.09188,1.09194
"exness","EURUSD","2023-06-20 00:33:34.974Z",1.09188,1.09193
"exness","EURUSD","2023-06-20 00:33:36.203Z",1.09187,1.09193
"exness","EURUSD","2023-06-20 00:33:38.550Z",1.09187,1.09194
"exness","EURUSD","2023-06-20 00:33:39.248Z",1.09189,1.09195
"exness","EURUSD","2023-06-20 00:33:40.947Z",1.09189,1.09196
"exness","EURUSD","2023-06-20 00:33:45.386Z",1.09191,1.0919699999999999
"exness","EURUSD","2023-06-20 00:33:46.170Z",1.09193,1.09198
"exness","EURUSD","2023-06-20 00:33:47.303Z",1.09192,1.09198
"exness","EURUSD","2023-06-20 00:33:55.299Z",1.0919,1.0919699999999999
"exness","EURUSD","2023-06-20 00:33:55.594Z",1.09189,1.09195
"exness","EURUSD","2023-06-20 00:33:55.625Z",1.09187,1.09194
"exness","EURUSD","2023-06-20 00:33:56.674Z",1.09187,1.09193
"exness","EURUSD","2023-06-20 00:34:01.052Z",1.09187,1.09192
"exness","EURUSD","2023-06-20 00:34:02.243Z",1.09187,1.09193
"exness","EURUSD","2023-06-20 00:34:04.343Z",1.09187,1.09194
"exness","EURUSD","2023-06-20 00:34:05.641Z",1.09189,1.09195
"exness","EURUSD","2023-06-20 00:34:06.736Z",1.09189,1.09196
"exness","EURUSD","2023-06-20 00:34:07.795Z",1.0919,1.09195
"exness","EURUSD","2023-06-20 00:34:08.824Z",1.0919,1.09196
"exness","EURUSD","2023-06-20 00:34:21.925Z",1.0919,1.0919699999999999
"exness","EURUSD","2023-06-20 00:34:22.967Z",1.0919,1.09196
"exness","EURUSD","2023-06-20 00:34:34.238Z",1.0919,1.0919699999999999
"exness","EURUSD","2023-06-20 00:34:35.247Z",1.09191,1.0919699999999999
"exness","EURUSD","2023-06-20 00:34:37.883Z",1.09191,1.09196
"exness","EURUSD","2023-06-20 00:34:41.818Z",1.0919,1.0919699999999999
"exness","EURUSD","2023-06-20 00:34:52.036Z",1.09191,1.0919699999999999
"exness","EURUSD","2023-06-20 00:34:52.180Z",1.09192,1.09198
"exness","EURUSD","2023-06-20 00:34:52.196Z",1.09194,1.092
"exness","EURUSD","2023-06-20 00:34:52.612Z",1.09192,1.09198
"exness","EURUSD","2023-06-20 00:34:52.698Z",1.0919,1.0919699999999999
"exness","EURUSD","2023-06-20 00:34:52.813Z",1.09189,1.09195
"exness","EURUSD","2023-06-20 00:34:52.850Z",1.09187,1.09193
"exness","EURUSD","2023-06-20 00:34:52.887Z",1.09185,1.09192
"exness","EURUSD","2023-06-20 00:34:53.912Z",1.09186,1.09191
"exness","EURUSD","2023-06-20 00:34:55.340Z",1.09185,1.09192
"exness","EURUSD","2023-06-20 00:34:55.956Z",1.09184,1.0919
"exness","EURUSD","2023-06-20 00:34:56.180Z",1.09182,1.09188
"exness","EURUSD","2023-06-20 00:35:03.295Z",1.09181,1.09188
"exness","EURUSD","2023-06-20 00:35:14.441Z",1.09181,1.09187
"exness","EURUSD","2023-06-20 00:35:22.878Z",1.09181,1.09188
"exness","EURUSD","2023-06-20 00:35:23.902Z",1.09181,1.09187
"exness","EURUSD","2023-06-20 00:35:24.910Z",1.09182,1.09187
"exness","EURUSD","2023-06-20 00:35:26.327Z",1.09181,1.09188
"exness","EURUSD","2023-06-20 00:35:27.366Z",1.09182,1.09187
"exness","EURUSD","2023-06-20 00:35:28.171Z",1.09183,1.09189
"exness","EURUSD","2023-06-20 00:35:28.504Z",1.09184,1.0919
"exness","EURUSD","2023-06-20 00:35:29.509Z",1.09185,1.09191
"exness","EURUSD","2023-06-20 00:35:30.522Z",1.09185,1.0919
"exness","EURUSD","2023-06-20 00:35:31.585Z",1.09185,1.09191
"exness","EURUSD","2023-06-20 00:35:41.107Z",1.09184,1.09191
"exness","EURUSD","2023-06-20 00:35:42.262Z",1.09184,1.0919
"exness","EURUSD","2023-06-20 00:35:46.138Z",1.09183,1.09188
"exness","EURUSD","2023-06-20 00:35:46.277Z",1.09182,1.09188
"exness","EURUSD","2023-06-20 00:35:47.329Z",1.09182,1.09187
"exness","EURUSD","2023-06-20 00:35:50.576Z",1.09181,1.09188
"exness","EURUSD","2023-06-20 00:35:51.839Z",1.09182,1.09188
"exness","EURUSD","2023-06-20 00:35:57.724Z",1.09182,1.09189
"exness","EURUSD","2023-06-20 00:35:58.891Z",1.09182,1.09188
"exness","EURUSD","2023-06-20 00:35:59.903Z",1.09181,1.09187
"exness","EURUSD","2023-06-20 00:36:01.008Z",1.09181,1.09186
"exness","EURUSD","2023-06-20 00:36:02.205Z",1.0918,1.09187
"exness","EURUSD","2023-06-20 00:36:03.824Z",1.09181,1.09187
"exness","EURUSD","2023-06-20 00:36:05.517Z",1.09179,1.09185
"exness","EURUSD","2023-06-20 00:36:07.609Z",1.0918,1.09186
"exness","EURUSD","2023-06-20 00:36:12.251Z",1.0918,1.09185
"exness","EURUSD","2023-06-20 00:36:13.288Z",1.0918,1.09186
"exness","EURUSD","2023-06-20 00:36:15.338Z",1.09178,1.09184
"exness","EURUSD","2023-06-20 00:36:15.790Z",1.09178,1.09183
"exness","EURUSD","2023-06-20 00:36:15.943Z",1.09176,1.09182
"exness","EURUSD","2023-06-20 00:36:16.961Z",1.09177,1.09182
"exness","EURUSD","2023-06-20 00:36:21.223Z",1.09177,1.09183
"exness","EURUSD","2023-06-20 00:36:21.291Z",1.09179,1.09185
"exness","EURUSD","2023-06-20 00:36:22.981Z",1.0918,1.09185
"exness","EURUSD","2023-06-20 00:36:24.451Z",1.09179,1.09186
"exness","EURUSD","2023-06-20 00:36:26.653Z",1.0918,1.09186
"exness","EURUSD","2023-06-20 00:36:27.712Z",1.09179,1.09186
"exness","EURUSD","2023-06-20 00:36:31.303Z",1.09178,1.09184
"exness","EURUSD","2023-06-20 00:36:32.305Z",1.09177,1.09183
"exness","EURUSD","2023-06-20 00:36:37.578Z",1.09177,1.09184
"exness","EURUSD","2023-06-20 00:36:40.104Z",1.09177,1.09183
"exness","EURUSD","2023-06-20 00:36:42.251Z",1.09176,1.09183
"exness","EURUSD","2023-06-20 00:36:43.278Z",1.09177,1.09183
"exness","EURUSD","2023-06-20 00:36:43.825Z",1.09179,1.09185
"exness","EURUSD","2023-06-20 00:36:48.699Z",1.0918,1.09185
"exness","EURUSD","2023-06-20 00:36:52.123Z",1.09178,1.09184
"exness","EURUSD","2023-06-20 00:36:58.491Z",1.09177,1.09184
"exness","EURUSD","2023-06-20 00:37:02.065Z",1.09177,1.09183
"exness","EURUSD","2023-06-20 00:37:03.100Z",1.09178,1.09184
"exness","EURUSD","2023-06-20 00:37:09.266Z",1.09178,1.09183
"exness","EURUSD","2023-06-20 00:37:11.324Z",1.09177,1.09182
"exness","EURUSD","2023-06-20 00:37:14.092Z",1.09176,1.09183
"exness","EURUSD","2023-06-20 00:37:15.500Z",1.09177,1.09183
"exness","EURUSD","2023-06-20 00:37:27.174Z",1.09178,1.09184
"exness","EURUSD","2023-06-20 00:37:33.947Z",1.09179,1.09184
"exness","EURUSD","2023-06-20 00:37:35.521Z",1.09178,1.09184
"exness","EURUSD","2023-06-20 00:37:40.863Z",1.09176,1.09183
"exness","EURUSD","2023-06-20 00:37:41.303Z",1.09175,1.09181
"exness","EURUSD","2023-06-20 00:37:42.387Z",1.09174,1.0918
"exness","EURUSD","2023-06-20 00:37:44.112Z",1.09175,1.09181
"exness","EURUSD","2023-06-20 00:37:47.156Z",1.09175,1.0918
"exness","EURUSD","2023-06-20 00:37:48.164Z",1.09174,1.09181
"exness","EURUSD","2023-06-20 00:37:49.230Z",1.09175,1.09181
"exness","EURUSD","2023-06-20 00:37:57.938Z",1.09173,1.0918
"exness","EURUSD","2023-06-20 00:37:59.123Z",1.09174,1.0918
"exness","EURUSD","2023-06-20 00:37:59.401Z",1.09173,1.09179
"exness","EURUSD","2023-06-20 00:38:00.542Z",1.09172,1.09179
"exness","EURUSD","2023-06-20 00:38:01.000Z",1.09174,1.09179
"exness","EURUSD","2023-06-20 00:38:01.924Z",1.09174,1.09181
"exness","EURUSD","2023-06-20 00:38:03.334Z",1.09175,1.0918
"exness","EURUSD","2023-06-20 00:38:10.996Z",1.09175,1.09181
"exness","EURUSD","2023-06-20 00:38:17.988Z",1.09175,1.09182
"exness","EURUSD","2023-06-20 00:38:19.394Z",1.09176,1.09182
"exness","EURUSD","2023-06-20 00:38:34.131Z",1.09175,1.09181
"exness","EURUSD","2023-06-20 00:38:38.792Z",1.09174,1.09181
"exness","EURUSD","2023-06-20 00:38:40.018Z",1.09174,1.0918
"exness","EURUSD","2023-06-20 00:38:41.163Z",1.09175,1.0918
"exness","EURUSD","2023-06-20 00:38:42.320Z",1.09174,1.09181
"exness","EURUSD","2023-06-20 00:38:44.690Z",1.09173,1.09179
"exness","EURUSD","2023-06-20 00:38:45.507Z",1.09171,1.09178
"exness","EURUSD","2023-06-20 00:38:50.791Z",1.09171,1.09176
"exness","EURUSD","2023-06-20 00:38:50.826Z",1.09169,1.09175
"exness","EURUSD","2023-06-20 00:38:52.553Z",1.0917,1.09175
"exness","EURUSD","2023-06-20 00:38:53.595Z",1.0917,1.09176
"exness","EURUSD","2023-06-20 00:39:01.571Z",1.09171,1.09177
"exness","EURUSD","2023-06-20 00:39:06.373Z",1.0917,1.09177
"exness","EURUSD","2023-06-20 00:39:14.113Z",1.0917,1.09176
"exness","EURUSD","2023-06-20 00:39:15.183Z",1.09169,1.09175
"exness","EURUSD","2023-06-20 00:39:18.062Z",1.0917,1.09176
"exness","EURUSD","2023-06-20 00:39:24.068Z",1.0917,1.09175
"exness","EURUSD","2023-06-20 00:39:26.665Z",1.09171,1.09176
"exness","EURUSD","2023-06-20 00:39:27.780Z",1.09171,1.09177
"exness","EURUSD","2023-06-20 00:39:34.819Z",1.09172,1.09177
"exness","EURUSD","2023-06-20 00:39:39.523Z",1.09171,1.09178
"exness","EURUSD","2023-06-20 00:39:46.136Z",1.09173,1.09178
"exness","EURUSD","2023-06-20 00:39:47.152Z",1.09171,1.09178
"exness","EURUSD","2023-06-20 00:39:50.321Z",1.09172,1.09177
"exness","EURUSD","2023-06-20 00:39:56.688Z",1.09172,1.09178
"exness","EURUSD","2023-06-20 00:39:59.338Z",1.09171,1.09178
"exness","EURUSD","2023-06-20 00:40:02.925Z",1.09172,1.09178
"exness","EURUSD","2023-06-20 00:40:04.506Z",1.09173,1.09179
"exness","EURUSD","2023-06-20 00:40:04.615Z",1.09175,1.09181
"exness","EURUSD","2023-06-20 00:40:05.329Z",1.09173,1.09179
"exness","EURUSD","2023-06-20 00:40:07.636Z",1.09174,1.09179
"exness","EURUSD","2023-06-20 00:40:11.759Z",1.09173,1.09179
"exness","EURUSD","2023-06-20 00:40:13.088Z",1.09173,1.0918
"exness","EURUSD","2023-06-20 00:40:17.038Z",1.09174,1.0918
"exness","EURUSD","2023-06-20 00:40:25.085Z",1.09174,1.09181
"exness","EURUSD","2023-06-20 00:40:28.591Z",1.09175,1.09181
"exness","EURUSD","2023-06-20 00:40:28.904Z",1.09176,1.09182
"exness","EURUSD","2023-06-20 00:40:29.288Z",1.09178,1.09184
"exness","EURUSD","2023-06-20 00:40:30.387Z",1.09178,1.09183
"exness","EURUSD","2023-06-20 00:40:31.409Z",1.09177,1.09183
"exness","EURUSD","2023-06-20 00:40:32.427Z",1.09178,1.09184
"exness","EURUSD","2023-06-20 00:40:33.581Z",1.09177,1.09184
"exness","EURUSD","2023-06-20 00:40:36.603Z",1.09177,1.09183
"exness","EURUSD","2023-06-20 00:40:37.719Z",1.09176,1.09182
"exness","EURUSD","2023-06-20 00:40:40.429Z",1.09176,1.09183
"exness","EURUSD","2023-06-20 00:40:52.333Z",1.09175,1.09181
"exness","EURUSD","2023-06-20 00:40:52.381Z",1.09174,1.09179
"exness","EURUSD","2023-06-20 00:40:53.419Z",1.09173,1.0918
"exness","EURUSD","2023-06-20 00:40:54.503Z",1.09174,1.0918
"exness","EURUSD","2023-06-20 00:41:01.346Z",1.09175,1.09182
"exness","EURUSD","2023-06-20 00:41:04.733Z",1.09176,1.09181
"exness","EURUSD","2023-06-20 00:41:08.320Z",1.09175,1.09181
"exness","EURUSD","2023-06-20 00:41:30.852Z",1.09176,1.09182
"exness","EURUSD","2023-06-20 00:41:33.340Z",1.09176,1.09181
"exness","EURUSD","2023-06-20 00:41:41.179Z",1.09176,1.09183
"exness","EURUSD","2023-06-20 00:41:42.757Z",1.09177,1.09182
"exness","EURUSD","2023-06-20 00:41:48.720Z",1.09176,1.09182
"exness","EURUSD","2023-06-20 00:41:49.737Z",1.09175,1.09182
"exness","EURUSD","2023-06-20 00:41:50.895Z",1.09175,1.09181
"exness","EURUSD","2023-06-20 00:41:52.747Z",1.09176,1.09181
"exness","EURUSD","2023-06-20 00:41:52.761Z",1.09174,1.09181
"exness","EURUSD","2023-06-20 00:41:54.024Z",1.09175,1.0918
"exness","EURUSD","2023-06-20 00:41:56.345Z",1.09173,1.0918
"exness","EURUSD","2023-06-20 00:41:57.348Z",1.09174,1.0918
"exness","EURUSD","2023-06-20 00:42:03.809Z",1.09175,1.0918
"exness","EURUSD","2023-06-20 00:42:05.151Z",1.09175,1.09181
"exness","EURUSD","2023-06-20 00:42:06.101Z",1.09176,1.09181
"exness","EURUSD","2023-06-20 00:42:06.437Z",1.09177,1.09183
"exness","EURUSD","2023-06-20 00:42:12.009Z",1.09177,1.09184
"exness","EURUSD","2023-06-20 00:42:12.809Z",1.09176,1.09182
"exness","EURUSD","2023-06-20 00:42:16.442Z",1.09176,1.09181
"exness","EURUSD","2023-06-20 00:42:21.922Z",1.09176,1.09182
"exness","EURUSD","2023-06-20 00:42:22.925Z",1.09176,1.09183
"exness","EURUSD","2023-06-20 00:42:24.105Z",1.09176,1.09182
"exness","EURUSD","2023-06-20 00:42:26.771Z",1.09178,1.09184
"exness","EURUSD","2023-06-20 00:42:27.320Z",1.09179,1.09184
"exness","EURUSD","2023-06-20 00:42:31.212Z",1.09179,1.09185
"exness","EURUSD","2023-06-20 00:42:34.683Z",1.0918,1.09186
"exness","EURUSD","2023-06-20 00:42:35.480Z",1.09179,1.09185
"exness","EURUSD","2023-06-20 00:42:35.830Z",1.09177,1.09183
"exness","EURUSD","2023-06-20 00:42:36.908Z",1.09178,1.09183
"exness","EURUSD","2023-06-20 00:42:40.025Z",1.09177,1.09183
"exness","EURUSD","2023-06-20 00:42:44.882Z",1.09176,1.09182
"exness","EURUSD","2023-06-20 00:42:47.186Z",1.09176,1.09183
"exness","EURUSD","2023-06-20 00:42:50.633Z",1.09178,1.09184
"exness","EURUSD","2023-06-20 00:42:51.865Z",1.09179,1.09185
"exness","EURUSD","2023-06-20 00:42:54.355Z",1.0918,1.09185
"exness","EURUSD","2023-06-20 00:42:55.586Z",1.0918,1.09186
"exness","EURUSD","2023-06-20 00:42:56.616Z",1.0918,1.09187
"exness","EURUSD","2023-06-20 00:42:57.630Z",1.09181,1.09187
"exness","EURUSD","2023-06-20 00:42:58.738Z",1.09182,1.09188
"exness","EURUSD","2023-06-20 00:43:00.306Z",1.09183,1.0919
"exness","EURUSD","2023-06-20 00:43:00.828Z",1.09185,1.0919
"exness","EURUSD","2023-06-20 00:43:01.891Z",1.09184,1.0919
"exness","EURUSD","2023-06-20 00:43:04.050Z",1.09184,1.09191
"exness","EURUSD","2023-06-20 00:43:06.924Z",1.09184,1.0919
"exness","EURUSD","2023-06-20 00:43:10.329Z",1.09183,1.0919
"exness","EURUSD","2023-06-20 00:43:12.074Z",1.09183,1.09189
"exness","EURUSD","2023-06-20 00:43:14.227Z",1.09184,1.0919
"exness","EURUSD","2023-06-20 00:43:14.908Z",1.09186,1.09191
"exness","EURUSD","2023-06-20 00:43:16.093Z",1.09185,1.09191
"exness","EURUSD","2023-06-20 00:43:18.147Z",1.09186,1.09192
"exness","EURUSD","2023-06-20 00:43:20.243Z",1.09185,1.09191
"exness","EURUSD","2023-06-20 00:43:24.443Z",1.09186,1.09191
"exness","EURUSD","2023-06-20 00:43:28.604Z",1.09186,1.09192
"exness","EURUSD","2023-06-20 00:43:32.688Z",1.09188,1.09194
"exness","EURUSD","2023-06-20 00:43:32.732Z",1.0919,1.09196
"exness","EURUSD","2023-06-20 00:43:32.737Z",1.09191,1.09198
"exness","EURUSD","2023-06-20 00:43:32.782Z",1.0919,1.09196
"exness","EURUSD","2023-06-20 00:43:33.402Z",1.0919,1.09195
"exness","EURUSD","2023-06-20 00:43:33.652Z",1.09188,1.09194
"exness","EURUSD","2023-06-20 00:43:34.660Z",1.09187,1.09193
"exness","EURUSD","2023-06-20 00:43:37.969Z",1.09188,1.09194
"exness","EURUSD","2023-06-20 00:43:38.785Z",1.09186,1.09192
"exness","EURUSD","2023-06-20 00:43:50.482Z",1.09187,1.09194
"exness","EURUSD","2023-06-20 00:43:51.490Z",1.09187,1.09193
"exness","EURUSD","2023-06-20 00:43:52.906Z",1.09187,1.09194
"exness","EURUSD","2023-06-20 00:43:54.474Z",1.09188,1.09194
"exness","EURUSD","2023-06-20 00:43:57.997Z",1.09189,1.09194
"exness","EURUSD","2023-06-20 00:43:58.998Z",1.09187,1.09193
"exness","EURUSD","2023-06-20 00:44:00.027Z",1.09188,1.09193
"exness","EURUSD","2023-06-20 00:44:01.071Z",1.09187,1.09193
"exness","EURUSD","2023-06-20 00:44:03.084Z",1.09186,1.09193
"exness","EURUSD","2023-06-20 00:44:05.132Z",1.09188,1.09194
"exness","EURUSD","2023-06-20 00:44:06.130Z",1.09187,1.09193
"exness","EURUSD","2023-06-20 00:44:08.250Z",1.09188,1.09194
"exness","EURUSD","2023-06-20 00:44:09.513Z",1.09189,1.09195
"exness","EURUSD","2023-06-20 00:44:10.523Z",1.09188,1.09195
"exness","EURUSD","2023-06-20 00:44:11.753Z",1.09189,1.09194
"exness","EURUSD","2023-06-20 00:44:12.804Z",1.09189,1.09195
"exness","EURUSD","2023-06-20 00:44:12.900Z",1.0919,1.0919699999999999
"exness","EURUSD","2023-06-20 00:44:13.136Z",1.09192,1.09198
"exness","EURUSD","2023-06-20 00:44:13.953Z",1.09193,1.092
"exness","EURUSD","2023-06-20 00:44:14.958Z",1.09194,1.09199
"exness","EURUSD","2023-06-20 00:44:16.244Z",1.09194,1.092
"exness","EURUSD","2023-06-20 00:44:17.689Z",1.09192,1.09198
"exness","EURUSD","2023-06-20 00:44:18.554Z",1.09192,1.0919699999999999
"exness","EURUSD","2023-06-20 00:44:20.100Z",1.09191,1.0919699999999999
"exness","EURUSD","2023-06-20 00:44:22.367Z",1.09189,1.09196
"exness","EURUSD","2023-06-20 00:44:23.390Z",1.09189,1.09195
"exness","EURUSD","2023-06-20 00:44:24.404Z",1.0919,1.09195
"exness","EURUSD","2023-06-20 00:44:26.007Z",1.09189,1.09195
"exness","EURUSD","2023-06-20 00:44:37.952Z",1.0919,1.09196
"exness","EURUSD","2023-06-20 00:44:39.240Z",1.0919,1.0919699999999999
"exness","EURUSD","2023-06-20 00:44:40.559Z",1.0919,1.09195
"exness","EURUSD","2023-06-20 00:44:44.061Z",1.0919,1.0919699999999999
"exness","EURUSD","2023-06-20 00:44:45.437Z",1.09192,1.09198
"exness","EURUSD","2023-06-20 00:44:47.632Z",1.09192,1.0919699999999999
"exness","EURUSD","2023-06-20 00:44:51.550Z",1.09191,1.0919699999999999
"exness","EURUSD","2023-06-20 00:44:54.362Z",1.0919,1.09196
"exness","EURUSD","2023-06-20 00:44:56.645Z",1.09189,1.09196
"exness","EURUSD","2023-06-20 00:44:57.910Z",1.0919,1.09195
"exness","EURUSD","2023-06-20 00:45:00.111Z",1.09189,1.09196
"exness","EURUSD","2023-06-20 00:45:01.398Z",1.0919,1.09196
"exness","EURUSD","2023-06-20 00:45:03.775Z",1.09191,1.0919699999999999
"exness","EURUSD","2023-06-20 00:45:06.524Z",1.09191,1.09196
"exness","EURUSD","2023-06-20 00:45:06.936Z",1.09192,1.09198
"exness","EURUSD","2023-06-20 00:45:08.360Z",1.09194,1.092
"exness","EURUSD","2023-06-20 00:45:09.108Z",1.09195,1.09201
"exness","EURUSD","2023-06-20 00:45:09.362Z",1.09196,1.09201
"exness","EURUSD","2023-06-20 00:45:09.423Z",1.0919699999999999,1.09203
"exness","EURUSD","2023-06-20 00:45:11.898Z",1.0919699999999999,1.09202
"exness","EURUSD","2023-06-20 00:45:12.887Z",1.0919699999999999,1.09204
"exness","EURUSD","2023-06-20 00:45:14.060Z",1.09198,1.09203
"exness","EURUSD","2023-06-20 00:45:15.463Z",1.09196,1.09203
"exness","EURUSD","2023-06-20 00:45:16.886Z",1.09196,1.09202
"exness","EURUSD","2023-06-20 00:45:26.368Z",1.09196,1.09203
"exness","EURUSD","2023-06-20 00:45:26.500Z",1.09195,1.09201
"exness","EURUSD","2023-06-20 00:45:26.769Z",1.09194,1.09199
"exness","EURUSD","2023-06-20 00:45:28.004Z",1.09194,1.092
"exness","EURUSD","2023-06-20 00:45:30.093Z",1.09195,1.09201
"exness","EURUSD","2023-06-20 00:45:32.068Z",1.09195,1.092
"exness","EURUSD","2023-06-20 00:45:33.106Z",1.09195,1.09201
"exness","EURUSD","2023-06-20 00:45:35.285Z",1.09195,1.09202
"exness","EURUSD","2023-06-20 00:45:36.009Z",1.0919699999999999,1.09203
"exness","EURUSD","2023-06-20 00:45:37.031Z",1.09198,1.09204
"exness","EURUSD","2023-06-20 00:45:38.031Z",1.09199,1.09204
"exness","EURUSD","2023-06-20 00:45:40.137Z",1.09199,1.09205
"exness","EURUSD","2023-06-20 00:45:43.981Z",1.09198,1.09204
"exness","EURUSD","2023-06-20 00:45:45.296Z",1.0919699999999999,1.09203
"exness","EURUSD","2023-06-20 00:45:45.326Z",1.09195,1.09201
"exness","EURUSD","2023-06-20 00:45:45.355Z",1.09194,1.092
"exness","EURUSD","2023-06-20 00:45:45.387Z",1.09192,1.09198
"exness","EURUSD","2023-06-20 00:45:49.767Z",1.09193,1.09199
"exness","EURUSD","2023-06-20 00:45:53.274Z",1.09192,1.09198
"exness","EURUSD","2023-06-20 00:46:12.610Z",1.09192,1.09199
"exness","EURUSD","2023-06-20 00:46:13.777Z",1.09192,1.09198
"exness","EURUSD","2023-06-20 00:46:18.112Z",1.09191,1.09198
"exness","EURUSD","2023-06-20 00:46:20.776Z",1.09192,1.0919699999999999
"exness","EURUSD","2023-06-20 00:46:23.437Z",1.09193,1.09198
"exness","EURUSD","2023-06-20 00:46:24.792Z",1.09192,1.09198
"exness","EURUSD","2023-06-20 00:46:26.904Z",1.09193,1.09199
"exness","EURUSD","2023-06-20 00:46:27.925Z",1.09192,1.09199
"exness","EURUSD","2023-06-20 00:46:28.994Z",1.09191,1.09198
"exness","EURUSD","2023-06-20 00:46:33.500Z",1.09192,1.09199
"exness","EURUSD","2023-06-20 00:46:34.574Z",1.09193,1.09199
"exness","EURUSD","2023-06-20 00:46:36.387Z",1.09194,1.09199
"exness","EURUSD","2023-06-20 00:46:37.394Z",1.09194,1.092
"exness","EURUSD","2023-06-20 00:46:41.802Z",1.09192,1.09199
"exness","EURUSD","2023-06-20 00:46:43.190Z",1.09193,1.09198
"exness","EURUSD","2023-06-20 00:46:46.042Z",1.09192,1.09198
"exness","EURUSD","2023-06-20 00:46:51.462Z",1.09193,1.092
"exness","EURUSD","2023-06-20 00:46:54.142Z",1.09194,1.092
"exness","EURUSD","2023-06-20 00:46:55.317Z",1.09194,1.09199
"exness","EURUSD","2023-06-20 00:46:57.701Z",1.09194,1.092
"exness","EURUSD","2023-06-20 00:46:59.399Z",1.09195,1.09201
"exness","EURUSD","2023-06-20 00:47:00.614Z",1.09196,1.09202
"exness","EURUSD","2023-06-20 00:47:03.561Z",1.09198,1.09203
"exness","EURUSD","2023-06-20 00:47:04.608Z",1.0919699999999999,1.09204
"exness","EURUSD","2023-06-20 00:47:05.860Z",1.0919699999999999,1.09203
"exness","EURUSD","2023-06-20 00:47:07.348Z",1.0919699999999999,1.09204
"exness","EURUSD","2023-06-20 00:47:08.367Z",1.09199,1.09205
"exness","EURUSD","2023-06-20 00:47:09.220Z",1.092,1.09207
"exness","EURUSD","2023-06-20 00:47:10.315Z",1.09201,1.09207
"exness","EURUSD","2023-06-20 00:47:10.910Z",1.09199,1.09206
"exness","EURUSD","2023-06-20 00:47:11.801Z",1.09199,1.09204
"exness","EURUSD","2023-06-20 00:47:11.859Z",1.0919699999999999,1.09203
"exness","EURUSD","2023-06-20 00:47:12.870Z",1.0919699999999999,1.09202
"exness","EURUSD","2023-06-20 00:47:14.201Z",1.0919699999999999,1.09203
"exness","EURUSD","2023-06-20 00:47:24.416Z",1.09195,1.09201
"exness","EURUSD","2023-06-20 00:47:24.620Z",1.09195,1.092
"exness","EURUSD","2023-06-20 00:47:26.036Z",1.09194,1.092
"exness","EURUSD","2023-06-20 00:47:28.173Z",1.09194,1.09199
"exness","EURUSD","2023-06-20 00:47:31.559Z",1.09195,1.092
"exness","EURUSD","2023-06-20 00:47:33.494Z",1.09195,1.09201
"exness","EURUSD","2023-06-20 00:47:35.828Z",1.09194,1.09201
"exness","EURUSD","2023-06-20 00:47:37.006Z",1.09194,1.092
"exness","EURUSD","2023-06-20 00:47:38.169Z",1.09193,1.09199
"exness","EURUSD","2023-06-20 00:47:39.230Z",1.09192,1.09198
"exness","EURUSD","2023-06-20 00:47:40.637Z",1.09191,1.0919699999999999
"exness","EURUSD","2023-06-20 00:47:41.752Z",1.0919,1.09196
"exness","EURUSD","2023-06-20 00:47:51.536Z",1.09188,1.09195
"exness","EURUSD","2023-06-20 00:47:52.801Z",1.09189,1.09194
"exness","EURUSD","2023-06-20 00:47:53.844Z",1.09188,1.09195
"exness","EURUSD","2023-06-20 00:47:53.970Z",1.09187,1.09193
"exness","EURUSD","2023-06-20 00:47:55.070Z",1.09187,1.09192
"exness","EURUSD","2023-06-20 00:47:55.384Z",1.09188,1.09194
"exness","EURUSD","2023-06-20 00:47:58.064Z",1.09187,1.09194
"exness","EURUSD","2023-06-20 00:47:58.406Z",1.09186,1.09192
"exness","EURUSD","2023-06-20 00:48:06.386Z",1.09186,1.09193
"exness","EURUSD","2023-06-20 00:48:08.497Z",1.09186,1.09192
"exness","EURUSD","2023-06-20 00:48:16.569Z",1.09187,1.09194
"exness","EURUSD","2023-06-20 00:48:16.698Z",1.09189,1.09195
"exness","EURUSD","2023-06-20 00:48:22.033Z",1.0919,1.09195
"exness","EURUSD","2023-06-20 00:48:24.428Z",1.0919,1.09196
"exness","EURUSD","2023-06-20 00:48:25.429Z",1.09191,1.0919699999999999
"exness","EURUSD","2023-06-20 00:48:25.730Z",1.09192,1.0919699999999999
"exness","EURUSD","2023-06-20 00:48:26.729Z",1.09191,1.09198
"exness","EURUSD","2023-06-20 00:48:27.742Z",1.09192,1.09198
"exness","EURUSD","2023-06-20 00:48:28.126Z",1.09193,1.09199
"exness","EURUSD","2023-06-20 00:48:29.186Z",1.09194,1.09201
"exness","EURUSD","2023-06-20 00:48:29.468Z",1.09193,1.09199
"exness","EURUSD","2023-06-20 00:48:30.768Z",1.09193,1.09198
"exness","EURUSD","2023-06-20 00:48:32.596Z",1.09193,1.09199
"exness","EURUSD","2023-06-20 00:48:33.382Z",1.09195,1.092
"exness","EURUSD","2023-06-20 00:48:34.399Z",1.09195,1.09201
"exness","EURUSD","2023-06-20 00:48:39.420Z",1.09195,1.092
"exness","EURUSD","2023-06-20 00:48:46.729Z",1.09195,1.09201
"exness","EURUSD","2023-06-20 00:48:47.768Z",1.09194,1.09201
"exness","EURUSD","2023-06-20 00:48:49.075Z",1.09195,1.09201
"exness","EURUSD","2023-06-20 00:48:51.396Z",1.09195,1.092
"exness","EURUSD","2023-06-20 00:48:55.091Z",1.09196,1.09201
"exness","EURUSD","2023-06-20 00:48:59.250Z",1.09195,1.09202
"exness","EURUSD","2023-06-20 00:48:59.306Z",1.0919699999999999,1.09203
"exness","EURUSD","2023-06-20 00:48:59.344Z",1.09198,1.09205
"exness","EURUSD","2023-06-20 00:48:59.387Z",1.092,1.09206
"exness","EURUSD","2023-06-20 00:49:02.621Z",1.092,1.09207
"exness","EURUSD","2023-06-20 00:49:05.334Z",1.09202,1.09207
"exness","EURUSD","2023-06-20 00:49:09.758Z",1.09202,1.09208
"exness","EURUSD","2023-06-20 00:49:14.941Z",1.09202,1.09209
"exness","EURUSD","2023-06-20 00:49:18.307Z",1.09201,1.09207
"exness","EURUSD","2023-06-20 00:49:18.397Z",1.09199,1.09206
"exness","EURUSD","2023-06-20 00:49:20.116Z",1.09199,1.09205
"exness","EURUSD","2023-06-20 00:49:21.479Z",1.092,1.09205
"exness","EURUSD","2023-06-20 00:49:25.572Z",1.09199,1.09205
"exness","EURUSD","2023-06-20 00:49:39.141Z",1.092,1.09206
"exness","EURUSD","2023-06-20 00:49:40.144Z",1.09199,1.09206
"exness","EURUSD","2023-06-20 00:49:40.977Z",1.09199,1.09204
"exness","EURUSD","2023-06-20 00:49:42.284Z",1.09198,1.09203
"exness","EURUSD","2023-06-20 00:49:48.047Z",1.0919699999999999,1.09203
"exness","EURUSD","2023-06-20 00:49:48.645Z",1.0919699999999999,1.09202
"exness","EURUSD","2023-06-20 00:49:50.256Z",1.09196,1.09202
"exness","EURUSD","2023-06-20 00:49:51.296Z",1.09195,1.09201
"exness","EURUSD","2023-06-20 00:49:53.411Z",1.09195,1.092
"exness","EURUSD","2023-06-20 00:49:54.714Z",1.09194,1.092
"exness","EURUSD","2023-06-20 00:49:54.727Z",1.09192,1.09198
"exness","EURUSD","2023-06-20 00:49:57.358Z",1.09191,1.0919699999999999
"exness","EURUSD","2023-06-20 00:50:00.519Z",1.09189,1.09195
"exness","EURUSD","2023-06-20 00:50:02.977Z",1.09189,1.09196
"exness","EURUSD","2023-06-20 00:50:03.983Z",1.0919,1.09196
"exness","EURUSD","2023-06-20 00:50:05.750Z",1.09192,1.09198
"exness","EURUSD","2023-06-20 00:50:05.795Z",1.09193,1.09199
"exness","EURUSD","2023-06-20 00:50:06.270Z",1.09195,1.092
"exness","EURUSD","2023-06-20 00:50:09.503Z",1.09195,1.09201
"exness","EURUSD","2023-06-20 00:50:10.554Z",1.09196,1.09202
"exness","EURUSD","2023-06-20 00:50:18.627Z",1.0919699999999999,1.09203
"exness","EURUSD","2023-06-20 00:50:26.329Z",1.09195,1.09201
"exness","EURUSD","2023-06-20 00:50:27.562Z",1.09194,1.092
"exness","EURUSD","2023-06-20 00:50:29.074Z",1.09195,1.092
"exness","EURUSD","2023-06-20 00:50:30.095Z",1.09194,1.092
"exness","EURUSD","2023-06-20 00:50:36.709Z",1.09194,1.09201
"exness","EURUSD","2023-06-20 00:50:37.936Z",1.09195,1.09201
"exness","EURUSD","2023-06-20 00:50:40.823Z",1.09194,1.09201
"exness","EURUSD","2023-06-20 00:50:50.741Z",1.09195,1.09201
"exness","EURUSD","2023-06-20 00:51:01.233Z",1.0919699999999999,1.09203
"exness","EURUSD","2023-06-20 00:51:02.238Z",1.0919699999999999,1.09202
"exness","EURUSD","2023-06-20 00:51:04.440Z",1.0919699999999999,1.09203
"exness","EURUSD","2023-06-20 00:51:07.080Z",1.09196,1.09202
"exness","EURUSD","2023-06-20 00:51:09.340Z",1.0919699999999999,1.09202
"exness","EURUSD","2023-06-20 00:51:12.845Z",1.09196,1.09202
"exness","EURUSD","2023-06-20 00:51:19.967Z",1.09196,1.09201
"exness","EURUSD","2023-06-20 00:51:26.018Z",1.09196,1.09202
"exness","EURUSD","2023-06-20 00:51:32.080Z",1.09195,1.09201
"exness","EURUSD","2023-06-20 00:51:39.924Z",1.09195,1.09202
"exness","EURUSD","2023-06-20 00:51:50.542Z",1.09196,1.09201
"exness","EURUSD","2023-06-20 00:51:52.917Z",1.09196,1.09202
"exness","EURUSD","2023-06-20 00:51:54.177Z",1.09196,1.09201
"exness","EURUSD","2023-06-20 00:52:00.476Z",1.09196,1.09202
"exness","EURUSD","2023-06-20 00:52:08.141Z",1.09195,1.09202
"exness","EURUSD","2023-06-20 00:52:11.063Z",1.09195,1.09201
"exness","EURUSD","2023-06-20 00:52:14.526Z",1.09195,1.092
"exness","EURUSD","2023-06-20 00:52:22.792Z",1.09195,1.09201
"exness","EURUSD","2023-06-20 00:52:26.472Z",1.09193,1.09199
"exness","EURUSD","2023-06-20 00:52:26.491Z",1.09192,1.09198
"exness","EURUSD","2023-06-20 00:52:28.033Z",1.09191,1.0919699999999999
"exness","EURUSD","2023-06-20 00:52:30.618Z",1.09192,1.0919699999999999
"exness","EURUSD","2023-06-20 00:52:32.594Z",1.09191,1.0919699999999999
"exness","EURUSD","2023-06-20 00:52:38.688Z",1.09192,1.09198
"exness","EURUSD","2023-06-20 00:52:38.803Z",1.0919,1.09196
"exness","EURUSD","2023-06-20 00:52:40.196Z",1.09191,1.09196
"exness","EURUSD","2023-06-20 00:52:41.232Z",1.0919,1.09195
"exness","EURUSD","2023-06-20 00:52:42.691Z",1.0919,1.09196
"exness","EURUSD","2023-06-20 00:52:43.742Z",1.09189,1.09196
"exness","EURUSD","2023-06-20 00:52:47.213Z",1.0919,1.09196
"exness","EURUSD","2023-06-20 00:52:54.762Z",1.09192,1.09198
"exness","EURUSD","2023-06-20 00:52:57.164Z",1.09192,1.0919699999999999
"exness","EURUSD","2023-06-20 00:52:58.214Z",1.09191,1.0919699999999999
"exness","EURUSD","2023-06-20 00:53:00.856Z",1.09191,1.09196
"exness","EURUSD","2023-06-20 00:53:01.892Z",1.0919,1.09196
"exness","EURUSD","2023-06-20 00:53:04.027Z",1.09189,1.09195
"exness","EURUSD","2023-06-20 00:53:04.321Z",1.09187,1.09193
"exness","EURUSD","2023-06-20 00:53:04.386Z",1.09187,1.09192
"exness","EURUSD","2023-06-20 00:53:04.648Z",1.09185,1.09192
"exness","EURUSD","2023-06-20 00:53:05.669Z",1.09185,1.09191
"exness","EURUSD","2023-06-20 00:53:11.121Z",1.09184,1.09191
"exness","EURUSD","2023-06-20 00:53:18.666Z",1.09184,1.0919
"exness","EURUSD","2023-06-20 00:53:19.074Z",1.09183,1.09189
"exness","EURUSD","2023-06-20 00:53:20.049Z",1.09183,1.09188
"exness","EURUSD","2023-06-20 00:53:21.236Z",1.09182,1.09187
"exness","EURUSD","2023-06-20 00:53:25.398Z",1.09181,1.09188
"exness","EURUSD","2023-06-20 00:53:27.516Z",1.09183,1.09189
"exness","EURUSD","2023-06-20 00:53:28.194Z",1.09185,1.0919
"exness","EURUSD","2023-06-20 00:53:28.338Z",1.09185,1.09192
"exness","EURUSD","2023-06-20 00:53:28.965Z",1.09187,1.09192
"exness","EURUSD","2023-06-20 00:53:29.971Z",1.09186,1.09192
"exness","EURUSD","2023-06-20 00:53:30.424Z",1.09188,1.09193
"exness","EURUSD","2023-06-20 00:53:31.748Z",1.09187,1.09193
"exness","EURUSD","2023-06-20 00:53:35.040Z",1.09188,1.09194
"exness","EURUSD","2023-06-20 00:53:38.860Z",1.09189,1.09194
"exness","EURUSD","2023-06-20 00:53:39.560Z",1.09189,1.09195
"exness","EURUSD","2023-06-20 00:53:40.641Z",1.0919,1.0919699999999999
"exness","EURUSD","2023-06-20 00:53:43.340Z",1.09191,1.0919699999999999
"exness","EURUSD","2023-06-20 00:53:47.001Z",1.09192,1.09199
"exness","EURUSD","2023-06-20 00:53:50.637Z",1.09191,1.0919699999999999
"exness","EURUSD","2023-06-20 00:53:55.752Z",1.0919,1.0919699999999999
"exness","EURUSD","2023-06-20 00:54:05.512Z",1.0919,1.09196
"exness","EURUSD","2023-06-20 00:54:05.691Z",1.09192,1.09198
"exness","EURUSD","2023-06-20 00:54:06.139Z",1.09193,1.09198
"exness","EURUSD","2023-06-20 00:54:07.588Z",1.09192,1.09198
"exness","EURUSD","2023-06-20 00:54:14.409Z",1.09191,1.0919699999999999
"exness","EURUSD","2023-06-20 00:54:15.289Z",1.09193,1.09199
"exness","EURUSD","2023-06-20 00:54:15.369Z",1.09194,1.092
"exness","EURUSD","2023-06-20 00:54:16.519Z",1.09195,1.092
"exness","EURUSD","2023-06-20 00:54:17.564Z",1.09195,1.09202
"exness","EURUSD","2023-06-20 00:54:18.661Z",1.09196,1.09201
"exness","EURUSD","2023-06-20 00:54:21.827Z",1.09195,1.09202
"exness","EURUSD","2023-06-20 00:54:26.315Z",1.09196,1.09202
"exness","EURUSD","2023-06-20 00:54:29.185Z",1.09195,1.09202
"exness","EURUSD","2023-06-20 00:54:32.650Z",1.09194,1.092
"exness","EURUSD","2023-06-20 00:54:33.113Z",1.09192,1.09198
"exness","EURUSD","2023-06-20 00:54:34.425Z",1.09191,1.0919699999999999
"exness","EURUSD","2023-06-20 00:54:35.406Z",1.0919,1.09196
"exness","EURUSD","2023-06-20 00:54:35.459Z",1.09188,1.09194
"exness","EURUSD","2023-06-20 00:54:36.377Z",1.09188,1.09193
"exness","EURUSD","2023-06-20 00:54:37.464Z",1.09187,1.09193
"exness","EURUSD","2023-06-20 00:54:37.703Z",1.09186,1.09192
"exness","EURUSD","2023-06-20 00:54:37.707Z",1.09184,1.0919
"exness","EURUSD","2023-06-20 00:54:37.720Z",1.09183,1.09189
"exness","EURUSD","2023-06-20 00:54:37.730Z",1.09181,1.09187
"exness","EURUSD","2023-06-20 00:54:37.762Z",1.09183,1.09188
"exness","EURUSD","2023-06-20 00:54:37.765Z",1.09183,1.09189
"exness","EURUSD","2023-06-20 00:54:37.777Z",1.09185,1.09191
"exness","EURUSD","2023-06-20 00:54:37.794Z",1.09186,1.09191
"exness","EURUSD","2023-06-20 00:54:37.832Z",1.09187,1.09193
"exness","EURUSD","2023-06-20 00:54:39.125Z",1.09187,1.09194
"exness","EURUSD","2023-06-20 00:54:39.764Z",1.09186,1.09192
"exness","EURUSD","2023-06-20 00:54:39.769Z",1.09184,1.0919
"exness","EURUSD","2023-06-20 00:54:39.783Z",1.09183,1.09189
"exness","EURUSD","2023-06-20 00:54:39.805Z",1.09185,1.0919
"exness","EURUSD","2023-06-20 00:54:40.077Z",1.09186,1.09191
"exness","EURUSD","2023-06-20 00:54:42.166Z",1.09186,1.09192
"exness","EURUSD","2023-06-20 00:54:42.184Z",1.09184,1.09191
"exness","EURUSD","2023-06-20 00:54:42.214Z",1.09183,1.09189
"exness","EURUSD","2023-06-20 00:54:42.818Z",1.09181,1.09187
"exness","EURUSD","2023-06-20 00:54:43.976Z",1.0918,1.09186
"exness","EURUSD","2023-06-20 00:54:43.994Z",1.09179,1.09184
"exness","EURUSD","2023-06-20 00:54:44.004Z",1.09177,1.09184
"exness","EURUSD","2023-06-20 00:54:44.197Z",1.09177,1.09182
"exness","EURUSD","2023-06-20 00:54:46.718Z",1.09176,1.09183
"exness","EURUSD","2023-06-20 00:54:47.232Z",1.09175,1.09181
"exness","EURUSD","2023-06-20 00:54:47.256Z",1.09173,1.09179
"exness","EURUSD","2023-06-20 00:54:47.275Z",1.09173,1.09178
"exness","EURUSD","2023-06-20 00:54:47.278Z",1.09171,1.09177
"exness","EURUSD","2023-06-20 00:54:47.287Z",1.09169,1.09175
"exness","EURUSD","2023-06-20 00:54:47.291Z",1.09168,1.09174
"exness","EURUSD","2023-06-20 00:54:47.337Z",1.09169,1.09174
"exness","EURUSD","2023-06-20 00:54:48.370Z",1.09169,1.09175
"exness","EURUSD","2023-06-20 00:54:49.403Z",1.09168,1.09174
"exness","EURUSD","2023-06-20 00:54:50.176Z",1.0917,1.09176
"exness","EURUSD","2023-06-20 00:54:50.216Z",1.09171,1.09177
"exness","EURUSD","2023-06-20 00:54:50.316Z",1.0917,1.09176
"exness","EURUSD","2023-06-20 00:54:50.447Z",1.09171,1.09177
"exness","EURUSD","2023-06-20 00:54:50.486Z",1.09173,1.09179
"exness","EURUSD","2023-06-20 00:54:50.671Z",1.09174,1.09181
"exness","EURUSD","2023-06-20 00:54:51.558Z",1.09176,1.09182
"exness","EURUSD","2023-06-20 00:54:51.763Z",1.09177,1.09182
"exness","EURUSD","2023-06-20 00:54:52.507Z",1.09176,1.09182
"exness","EURUSD","2023-06-20 00:54:52.511Z",1.09174,1.0918
"exness","EURUSD","2023-06-20 00:54:53.807Z",1.09175,1.09181
"exness","EURUSD","2023-06-20 00:54:54.367Z",1.09177,1.09183
"exness","EURUSD","2023-06-20 00:54:54.410Z",1.09178,1.09185
"exness","EURUSD","2023-06-20 00:54:54.446Z",1.09178,1.09183
"exness","EURUSD","2023-06-20 00:54:55.256Z",1.09176,1.09182
"exness","EURUSD","2023-06-20 00:54:55.262Z",1.09174,1.0918
"exness","EURUSD","2023-06-20 00:54:55.267Z",1.09172,1.09179
"exness","EURUSD","2023-06-20 00:54:55.286Z",1.09171,1.09177
"exness","EURUSD","2023-06-20 00:54:55.310Z",1.09169,1.09175
"exness","EURUSD","2023-06-20 00:54:55.323Z",1.09171,1.09177
"exness","EURUSD","2023-06-20 00:54:55.375Z",1.09172,1.09177
"exness","EURUSD","2023-06-20 00:54:55.439Z",1.09172,1.09179
"exness","EURUSD","2023-06-20 00:54:55.487Z",1.09174,1.0918
"exness","EURUSD","2023-06-20 00:54:55.644Z",1.09175,1.09182
"exness","EURUSD","2023-06-20 00:54:56.666Z",1.09176,1.09182
"exness","EURUSD","2023-06-20 00:54:58.918Z",1.09175,1.09182
"exness","EURUSD","2023-06-20 00:54:59.618Z",1.09177,1.09183
"exness","EURUSD","2023-06-20 00:54:59.637Z",1.09179,1.09185
"exness","EURUSD","2023-06-20 00:54:59.740Z",1.09178,1.09183
"exness","EURUSD","2023-06-20 00:54:59.789Z",1.09177,1.09183
"exness","EURUSD","2023-06-20 00:54:59.815Z",1.09175,1.09181
"exness","EURUSD","2023-06-20 00:55:00.104Z",1.09175,1.0918
"exness","EURUSD","2023-06-20 00:55:00.181Z",1.09173,1.09179
"exness","EURUSD","2023-06-20 00:55:00.185Z",1.09171,1.09178
"exness","EURUSD","2023-06-20 00:55:00.199Z",1.09169,1.09176
"exness","EURUSD","2023-06-20 00:55:00.223Z",1.09167,1.09173
"exness","EURUSD","2023-06-20 00:55:00.232Z",1.09165,1.09171
"exness","EURUSD","2023-06-20 00:55:00.255Z",1.09167,1.09173
"exness","EURUSD","2023-06-20 00:55:00.307Z",1.09169,1.09175
"exness","EURUSD","2023-06-20 00:55:00.326Z",1.0917,1.09176
"exness","EURUSD","2023-06-20 00:55:00.361Z",1.09172,1.09178
"exness","EURUSD","2023-06-20 00:55:00.400Z",1.09173,1.09178
"exness","EURUSD","2023-06-20 00:55:00.504Z",1.09174,1.0918
"exness","EURUSD","2023-06-20 00:55:00.619Z",1.09175,1.09181
"exness","EURUSD","2023-06-20 00:55:00.784Z",1.09177,1.09183
"exness","EURUSD","2023-06-20 00:55:00.808Z",1.09178,1.09184
"exness","EURUSD","2023-06-20 00:55:01.158Z",1.0918,1.09186
"exness","EURUSD","2023-06-20 00:55:01.735Z",1.09181,1.09187
"exness","EURUSD","2023-06-20 00:55:01.860Z",1.09183,1.09189
"exness","EURUSD","2023-06-20 00:55:02.036Z",1.09185,1.0919
"exness","EURUSD","2023-06-20 00:55:03.075Z",1.09185,1.09191
"exness","EURUSD","2023-06-20 00:55:03.413Z",1.09183,1.09189
"exness","EURUSD","2023-06-20 00:55:03.528Z",1.09182,1.09188
"exness","EURUSD","2023-06-20 00:55:03.595Z",1.0918,1.09186
"exness","EURUSD","2023-06-20 00:55:03.657Z",1.09182,1.09187
"exness","EURUSD","2023-06-20 00:55:04.751Z",1.09181,1.09187
"exness","EURUSD","2023-06-20 00:55:06.912Z",1.09181,1.09186
"exness","EURUSD","2023-06-20 00:55:08.079Z",1.09181,1.09187
"exness","EURUSD","2023-06-20 00:55:08.734Z",1.09179,1.09185
"exness","EURUSD","2023-06-20 00:55:09.944Z",1.09178,1.09184
"exness","EURUSD","2023-06-20 00:55:10.946Z",1.09179,1.09184
"exness","EURUSD","2023-06-20 00:55:11.934Z",1.09177,1.09183
"exness","EURUSD","2023-06-20 00:55:12.006Z",1.09176,1.09182
"exness","EURUSD","2023-06-20 00:55:12.148Z",1.09175,1.0918
"exness","EURUSD","2023-06-20 00:55:13.187Z",1.09176,1.09181
"exness","EURUSD","2023-06-20 00:55:14.253Z",1.09176,1.09182
"exness","EURUSD","2023-06-20 00:55:14.581Z",1.09177,1.09184
"exness","EURUSD","2023-06-20 00:55:14.618Z",1.09179,1.09185
"exness","EURUSD","2023-06-20 00:55:15.173Z",1.09181,1.09186
"exness","EURUSD","2023-06-20 00:55:16.202Z",1.09179,1.09186
"exness","EURUSD","2023-06-20 00:55:17.213Z",1.09179,1.09185
"exness","EURUSD","2023-06-20 00:55:19.533Z",1.09177,1.09184
"exness","EURUSD","2023-06-20 00:55:20.587Z",1.09178,1.09184
"exness","EURUSD","2023-06-20 00:55:22.744Z",1.09178,1.09185
"exness","EURUSD","2023-06-20 00:55:25.256Z",1.09179,1.09185
"exness","EURUSD","2023-06-20 00:55:26.700Z",1.09178,1.09185
"exness","EURUSD","2023-06-20 00:55:27.757Z",1.09178,1.09184
"exness","EURUSD","2023-06-20 00:55:28.723Z",1.09177,1.09183
"exness","EURUSD","2023-06-20 00:55:29.818Z",1.09176,1.09183
"exness","EURUSD","2023-06-20 00:55:32.422Z",1.09175,1.09181
"exness","EURUSD","2023-06-20 00:55:32.446Z",1.09173,1.09179
"exness","EURUSD","2023-06-20 00:55:33.511Z",1.09174,1.09181
"exness","EURUSD","2023-06-20 00:55:34.606Z",1.09175,1.09181
"exness","EURUSD","2023-06-20 00:55:35.677Z",1.09175,1.0918
"exness","EURUSD","2023-06-20 00:55:36.736Z",1.09176,1.09182
"exness","EURUSD","2023-06-20 00:55:39.160Z",1.09175,1.0918
"exness","EURUSD","2023-06-20 00:55:39.899Z",1.09175,1.09181
"exness","EURUSD","2023-06-20 00:55:40.993Z",1.09176,1.09182
"exness","EURUSD","2023-06-20 00:55:53.976Z",1.09177,1.09182
"exness","EURUSD","2023-06-20 00:55:54.972Z",1.09178,1.09183
"exness","EURUSD","2023-06-20 00:55:57.868Z",1.09176,1.09183
"exness","EURUSD","2023-06-20 00:56:01.496Z",1.09178,1.09183
"exness","EURUSD","2023-06-20 00:56:02.638Z",1.09178,1.09184
"exness","EURUSD","2023-06-20 00:56:03.700Z",1.09179,1.09185
"exness","EURUSD","2023-06-20 00:56:04.716Z",1.09179,1.09184
"exness","EURUSD","2023-06-20 00:56:05.144Z",1.0918,1.09186
"exness","EURUSD","2023-06-20 00:56:05.208Z",1.09182,1.09188
"exness","EURUSD","2023-06-20 00:56:05.230Z",1.09183,1.09188
"exness","EURUSD","2023-06-20 00:56:05.273Z",1.09183,1.0919
"exness","EURUSD","2023-06-20 00:56:05.306Z",1.09186,1.09191
"exness","EURUSD","2023-06-20 00:56:05.315Z",1.09186,1.09192
"exness","EURUSD","2023-06-20 00:56:05.338Z",1.09188,1.09193
"exness","EURUSD","2023-06-20 00:56:05.368Z",1.09188,1.09194
"exness","EURUSD","2023-06-20 00:56:06.356Z",1.0919,1.09195
"exness","EURUSD","2023-06-20 00:56:06.564Z",1.09191,1.0919699999999999
"exness","EURUSD","2023-06-20 00:56:07.588Z",1.09191,1.09196
"exness","EURUSD","2023-06-20 00:56:08.601Z",1.09191,1.0919699999999999
"exness","EURUSD","2023-06-20 00:56:10.421Z",1.0919,1.09196
"exness","EURUSD","2023-06-20 00:56:11.444Z",1.0919,1.0919699999999999
"exness","EURUSD","2023-06-20 00:56:11.755Z",1.09192,1.09198
"exness","EURUSD","2023-06-20 00:56:11.775Z",1.09193,1.092
"exness","EURUSD","2023-06-20 00:56:11.825Z",1.09195,1.09201
"exness","EURUSD","2023-06-20 00:56:12.013Z",1.0919699999999999,1.09202
"exness","EURUSD","2023-06-20 00:56:13.025Z",1.09196,1.09202
"exness","EURUSD","2023-06-20 00:56:16.255Z",1.09196,1.09203
"exness","EURUSD","2023-06-20 00:56:17.778Z",1.09196,1.09202
"exness","EURUSD","2023-06-20 00:56:19.786Z",1.09198,1.09204
"exness","EURUSD","2023-06-20 00:56:19.890Z",1.09199,1.09206
"exness","EURUSD","2023-06-20 00:56:20.944Z",1.09201,1.09207
"exness","EURUSD","2023-06-20 00:56:41.673Z",1.09199,1.09205
"exness","EURUSD","2023-06-20 00:56:42.225Z",1.09199,1.09204
"exness","EURUSD","2023-06-20 00:56:42.259Z",1.0919699999999999,1.09203
"exness","EURUSD","2023-06-20 00:56:43.322Z",1.09196,1.09202
"exness","EURUSD","2023-06-20 00:56:45.462Z",1.0919699999999999,1.09202
"exness","EURUSD","2023-06-20 00:56:45.941Z",1.0919699999999999,1.09203
"exness","EURUSD","2023-06-20 00:56:45.970Z",1.09199,1.09205
"exness","EURUSD","2023-06-20 00:56:46.092Z",1.092,1.09207
"exness","EURUSD","2023-06-20 00:56:47.213Z",1.09201,1.09207
"exness","EURUSD","2023-06-20 00:56:53.186Z",1.09199,1.09206
"exness","EURUSD","2023-06-20 00:56:53.847Z",1.09198,1.09204
"exness","EURUSD","2023-06-20 00:56:56.194Z",1.09196,1.09203
"exness","EURUSD","2023-06-20 00:56:57.430Z",1.0919699999999999,1.09202
"exness","EURUSD","2023-06-20 00:57:00.083Z",1.09196,1.09202
"exness","EURUSD","2023-06-20 00:57:05.697Z",1.09194,1.09201
"exness","EURUSD","2023-06-20 00:57:05.746Z",1.09193,1.09199
"exness","EURUSD","2023-06-20 00:57:06.848Z",1.09192,1.09198
"exness","EURUSD","2023-06-20 00:57:10.368Z",1.09191,1.0919699999999999
"exness","EURUSD","2023-06-20 00:57:11.250Z",1.0919,1.09196
"exness","EURUSD","2023-06-20 00:57:11.546Z",1.09189,1.09194
"exness","EURUSD","2023-06-20 00:57:13.371Z",1.0919,1.09196
"exness","EURUSD","2023-06-20 00:57:14.571Z",1.0919,1.0919699999999999
"exness","EURUSD","2023-06-20 00:57:19.049Z",1.0919,1.09196
"exness","EURUSD","2023-06-20 00:57:22.011Z",1.09189,1.09196
"exness","EURUSD","2023-06-20 00:57:24.338Z",1.0919,1.09196
"exness","EURUSD","2023-06-20 00:57:26.012Z",1.09191,1.0919699999999999
"exness","EURUSD","2023-06-20 00:57:31.526Z",1.0919,1.0919699999999999
"exness","EURUSD","2023-06-20 00:57:32.485Z",1.09189,1.09195
"exness","EURUSD","2023-06-20 00:57:33.580Z",1.09188,1.09195
"exness","EURUSD","2023-06-20 00:57:38.651Z",1.09187,1.09193
"exness","EURUSD","2023-06-20 00:57:38.823Z",1.09186,1.09191
"exness","EURUSD","2023-06-20 00:57:40.115Z",1.09187,1.09192
