"Exness","Symbol","Timestamp","Bid","Ask"
"exness","EURUSD","2023-06-26 00:00:00.039Z",1.09061,1.09066
"exness","EURUSD","2023-06-26 00:00:01.838Z",1.09062,1.09067
"exness","EURUSD","2023-06-26 00:00:01.856Z",1.09063,1.09069
"exness","EURUSD","2023-06-26 00:00:02.177Z",1.09064,1.09069
"exness","EURUSD","2023-06-26 00:00:03.284Z",1.09064,1.0907
"exness","EURUSD","2023-06-26 00:00:03.711Z",1.09066,1.09071
"exness","EURUSD","2023-06-26 00:00:05.070Z",1.09065,1.09071
"exness","EURUSD","2023-06-26 00:00:06.083Z",1.09066,1.09071
"exness","EURUSD","2023-06-26 00:00:07.106Z",1.09065,1.09071
"exness","EURUSD","2023-06-26 00:00:12.481Z",1.09064,1.09071
"exness","EURUSD","2023-06-26 00:00:12.828Z",1.09066,1.09072
"exness","EURUSD","2023-06-26 00:00:13.437Z",1.09067,1.09072
"exness","EURUSD","2023-06-26 00:00:13.742Z",1.09066,1.09072
"exness","EURUSD","2023-06-26 00:00:15.097Z",1.09067,1.09072
"exness","EURUSD","2023-06-26 00:00:16.111Z",1.09066,1.09073
"exness","EURUSD","2023-06-26 00:00:18.819Z",1.09067,1.09073
"exness","EURUSD","2023-06-26 00:00:19.508Z",1.09067,1.09072
"exness","EURUSD","2023-06-26 00:00:19.531Z",1.09067,1.09074
"exness","EURUSD","2023-06-26 00:00:19.644Z",1.09069,1.0907499999999999
"exness","EURUSD","2023-06-26 00:00:19.778Z",1.09071,1.09077
"exness","EURUSD","2023-06-26 00:00:19.808Z",1.09072,1.09077
"exness","EURUSD","2023-06-26 00:00:20.747Z",1.09073,1.09079
"exness","EURUSD","2023-06-26 00:00:20.826Z",1.09074,1.09081
"exness","EURUSD","2023-06-26 00:00:20.857Z",1.09076,1.09081
"exness","EURUSD","2023-06-26 00:00:20.870Z",1.09076,1.09082
"exness","EURUSD","2023-06-26 00:00:20.889Z",1.09078,1.09084
"exness","EURUSD","2023-06-26 00:00:22.122Z",1.09077,1.09083
"exness","EURUSD","2023-06-26 00:00:22.726Z",1.09076,1.09082
"exness","EURUSD","2023-06-26 00:00:23.596Z",1.09074,1.0908
"exness","EURUSD","2023-06-26 00:00:24.625Z",1.09073,1.09079
"exness","EURUSD","2023-06-26 00:00:26.680Z",1.09072,1.09078
"exness","EURUSD","2023-06-26 00:00:27.332Z",1.09072,1.09077
"exness","EURUSD","2023-06-26 00:00:28.501Z",1.09071,1.09077
"exness","EURUSD","2023-06-26 00:00:29.528Z",1.09072,1.09079
"exness","EURUSD","2023-06-26 00:00:29.917Z",1.09074,1.0908
"exness","EURUSD","2023-06-26 00:00:31.245Z",1.0907499999999999,1.09081
"exness","EURUSD","2023-06-26 00:00:32.248Z",1.09076,1.09081
"exness","EURUSD","2023-06-26 00:00:32.269Z",1.09076,1.09083
"exness","EURUSD","2023-06-26 00:00:33.162Z",1.09078,1.09083
"exness","EURUSD","2023-06-26 00:00:35.678Z",1.09078,1.09084
"exness","EURUSD","2023-06-26 00:00:36.883Z",1.09077,1.09083
"exness","EURUSD","2023-06-26 00:00:37.901Z",1.09078,1.09083
"exness","EURUSD","2023-06-26 00:00:40.140Z",1.09077,1.09082
"exness","EURUSD","2023-06-26 00:00:40.813Z",1.09076,1.09082
"exness","EURUSD","2023-06-26 00:00:41.209Z",1.09076,1.09081
"exness","EURUSD","2023-06-26 00:00:41.657Z",1.09076,1.09082
"exness","EURUSD","2023-06-26 00:00:41.784Z",1.09078,1.09083
"exness","EURUSD","2023-06-26 00:00:42.436Z",1.09078,1.09084
"exness","EURUSD","2023-06-26 00:00:42.491Z",1.0908,1.09086
"exness","EURUSD","2023-06-26 00:00:42.524Z",1.09081,1.09087
"exness","EURUSD","2023-06-26 00:00:42.765Z",1.09083,1.09088
"exness","EURUSD","2023-06-26 00:00:43.887Z",1.09082,1.09089
"exness","EURUSD","2023-06-26 00:00:44.436Z",1.09084,1.0909
"exness","EURUSD","2023-06-26 00:00:44.543Z",1.09085,1.0909
"exness","EURUSD","2023-06-26 00:00:44.916Z",1.09084,1.0909
"exness","EURUSD","2023-06-26 00:00:44.989Z",1.09082,1.09088
"exness","EURUSD","2023-06-26 00:00:46.015Z",1.09081,1.09087
"exness","EURUSD","2023-06-26 00:00:46.084Z",1.0908,1.09086
"exness","EURUSD","2023-06-26 00:00:46.633Z",1.09078,1.09084
"exness","EURUSD","2023-06-26 00:00:47.228Z",1.09077,1.09083
"exness","EURUSD","2023-06-26 00:00:47.460Z",1.09076,1.09081
"exness","EURUSD","2023-06-26 00:00:48.071Z",1.0907499999999999,1.09081
"exness","EURUSD","2023-06-26 00:00:48.088Z",1.09074,1.09079
"exness","EURUSD","2023-06-26 00:00:50.553Z",1.09074,1.0908
"exness","EURUSD","2023-06-26 00:00:54.088Z",1.09072,1.09079
"exness","EURUSD","2023-06-26 00:00:55.135Z",1.09072,1.09078
"exness","EURUSD","2023-06-26 00:00:57.440Z",1.09071,1.09078
"exness","EURUSD","2023-06-26 00:00:58.870Z",1.0907,1.09076
"exness","EURUSD","2023-06-26 00:01:00.104Z",1.09071,1.09077
"exness","EURUSD","2023-06-26 00:01:00.812Z",1.09072,1.09077
"exness","EURUSD","2023-06-26 00:01:00.847Z",1.09073,1.09079
"exness","EURUSD","2023-06-26 00:01:01.903Z",1.09072,1.09078
"exness","EURUSD","2023-06-26 00:01:02.976Z",1.09074,1.0908
"exness","EURUSD","2023-06-26 00:01:03.019Z",1.0907499999999999,1.09081
"exness","EURUSD","2023-06-26 00:01:03.072Z",1.09077,1.09083
"exness","EURUSD","2023-06-26 00:01:03.163Z",1.09079,1.09084
"exness","EURUSD","2023-06-26 00:01:03.348Z",1.09077,1.09083
"exness","EURUSD","2023-06-26 00:01:03.370Z",1.0907499999999999,1.09082
"exness","EURUSD","2023-06-26 00:01:03.385Z",1.09074,1.0908
"exness","EURUSD","2023-06-26 00:01:03.603Z",1.09072,1.09078
"exness","EURUSD","2023-06-26 00:01:05.282Z",1.09074,1.09079
"exness","EURUSD","2023-06-26 00:01:06.098Z",1.09072,1.09078
"exness","EURUSD","2023-06-26 00:01:06.111Z",1.0907,1.09077
"exness","EURUSD","2023-06-26 00:01:06.121Z",1.09068,1.09074
"exness","EURUSD","2023-06-26 00:01:06.130Z",1.09067,1.09073
"exness","EURUSD","2023-06-26 00:01:06.235Z",1.09065,1.09071
"exness","EURUSD","2023-06-26 00:01:06.516Z",1.09067,1.09073
"exness","EURUSD","2023-06-26 00:01:07.322Z",1.09068,1.09074
"exness","EURUSD","2023-06-26 00:01:08.477Z",1.09069,1.0907499999999999
"exness","EURUSD","2023-06-26 00:01:11.106Z",1.09067,1.09074
"exness","EURUSD","2023-06-26 00:01:11.306Z",1.09066,1.09072
"exness","EURUSD","2023-06-26 00:01:14.333Z",1.09067,1.09073
"exness","EURUSD","2023-06-26 00:01:15.320Z",1.09065,1.09072
"exness","EURUSD","2023-06-26 00:01:15.956Z",1.09064,1.0907
"exness","EURUSD","2023-06-26 00:01:16.172Z",1.09062,1.09068
"exness","EURUSD","2023-06-26 00:01:16.972Z",1.09062,1.09067
"exness","EURUSD","2023-06-26 00:01:17.974Z",1.09061,1.09067
"exness","EURUSD","2023-06-26 00:01:22.459Z",1.09063,1.09069
"exness","EURUSD","2023-06-26 00:01:25.545Z",1.09063,1.0907
"exness","EURUSD","2023-06-26 00:01:27.197Z",1.09062,1.09068
"exness","EURUSD","2023-06-26 00:01:27.246Z",1.0906,1.09066
"exness","EURUSD","2023-06-26 00:01:27.248Z",1.09058,1.09065
"exness","EURUSD","2023-06-26 00:01:27.271Z",1.09057,1.09063
"exness","EURUSD","2023-06-26 00:01:27.312Z",1.09055,1.09061
"exness","EURUSD","2023-06-26 00:01:27.337Z",1.09055,1.0906
"exness","EURUSD","2023-06-26 00:01:28.383Z",1.09055,1.09061
"exness","EURUSD","2023-06-26 00:01:29.237Z",1.09056,1.09062
"exness","EURUSD","2023-06-26 00:01:30.241Z",1.09056,1.09063
"exness","EURUSD","2023-06-26 00:01:31.786Z",1.09058,1.09064
"exness","EURUSD","2023-06-26 00:01:33.003Z",1.09059,1.09065
"exness","EURUSD","2023-06-26 00:01:39.779Z",1.09059,1.09064
"exness","EURUSD","2023-06-26 00:01:40.790Z",1.09058,1.09064
"exness","EURUSD","2023-06-26 00:01:42.537Z",1.0906,1.09065
"exness","EURUSD","2023-06-26 00:01:43.398Z",1.09058,1.09064
"exness","EURUSD","2023-06-26 00:01:44.071Z",1.0906,1.09065
"exness","EURUSD","2023-06-26 00:01:45.248Z",1.09059,1.09066
"exness","EURUSD","2023-06-26 00:01:47.080Z",1.09061,1.09066
"exness","EURUSD","2023-06-26 00:01:47.183Z",1.09059,1.09066
"exness","EURUSD","2023-06-26 00:01:48.555Z",1.09058,1.09065
"exness","EURUSD","2023-06-26 00:01:49.626Z",1.09057,1.09063
"exness","EURUSD","2023-06-26 00:01:50.766Z",1.09057,1.09062
"exness","EURUSD","2023-06-26 00:01:51.796Z",1.09058,1.09063
"exness","EURUSD","2023-06-26 00:01:52.927Z",1.09057,1.09063
"exness","EURUSD","2023-06-26 00:01:54.668Z",1.09056,1.09062
"exness","EURUSD","2023-06-26 00:01:55.834Z",1.09054,1.09061
"exness","EURUSD","2023-06-26 00:01:56.812Z",1.09056,1.09061
"exness","EURUSD","2023-06-26 00:01:56.821Z",1.09055,1.09061
"exness","EURUSD","2023-06-26 00:01:57.872Z",1.09054,1.0906
"exness","EURUSD","2023-06-26 00:02:01.542Z",1.09056,1.09062
"exness","EURUSD","2023-06-26 00:02:01.740Z",1.09057,1.09062
"exness","EURUSD","2023-06-26 00:02:03.847Z",1.09056,1.09062
"exness","EURUSD","2023-06-26 00:02:04.442Z",1.09057,1.09062
"exness","EURUSD","2023-06-26 00:02:06.538Z",1.09057,1.09064
"exness","EURUSD","2023-06-26 00:02:08.033Z",1.09057,1.09063
"exness","EURUSD","2023-06-26 00:02:08.472Z",1.09055,1.09061
"exness","EURUSD","2023-06-26 00:02:09.482Z",1.09055,1.0906
"exness","EURUSD","2023-06-26 00:02:11.448Z",1.09055,1.09061
"exness","EURUSD","2023-06-26 00:02:11.788Z",1.09053,1.09059
"exness","EURUSD","2023-06-26 00:02:12.160Z",1.09053,1.09058
"exness","EURUSD","2023-06-26 00:02:13.015Z",1.09053,1.09059
"exness","EURUSD","2023-06-26 00:02:13.558Z",1.09055,1.09061
"exness","EURUSD","2023-06-26 00:02:13.576Z",1.09056,1.09063
"exness","EURUSD","2023-06-26 00:02:13.651Z",1.09058,1.09064
"exness","EURUSD","2023-06-26 00:02:14.736Z",1.09059,1.09064
"exness","EURUSD","2023-06-26 00:02:15.110Z",1.09057,1.09063
"exness","EURUSD","2023-06-26 00:02:16.209Z",1.09059,1.09065
"exness","EURUSD","2023-06-26 00:02:16.778Z",1.0906,1.09066
"exness","EURUSD","2023-06-26 00:02:17.789Z",1.09062,1.09068
"exness","EURUSD","2023-06-26 00:02:18.211Z",1.09064,1.09069
"exness","EURUSD","2023-06-26 00:02:19.099Z",1.09064,1.0907
"exness","EURUSD","2023-06-26 00:02:19.172Z",1.09066,1.09071
"exness","EURUSD","2023-06-26 00:02:19.811Z",1.09064,1.09071
"exness","EURUSD","2023-06-26 00:02:20.945Z",1.09064,1.0907
"exness","EURUSD","2023-06-26 00:02:21.345Z",1.09066,1.09072
"exness","EURUSD","2023-06-26 00:02:21.454Z",1.09068,1.09073
"exness","EURUSD","2023-06-26 00:02:21.711Z",1.09068,1.0907499999999999
"exness","EURUSD","2023-06-26 00:02:21.777Z",1.0907,1.0907499999999999
"exness","EURUSD","2023-06-26 00:02:21.810Z",1.0907,1.09076
"exness","EURUSD","2023-06-26 00:02:21.848Z",1.09072,1.09078
"exness","EURUSD","2023-06-26 00:02:23.308Z",1.09072,1.09077
"exness","EURUSD","2023-06-26 00:02:23.719Z",1.09071,1.09077
"exness","EURUSD","2023-06-26 00:02:25.030Z",1.09071,1.09076
"exness","EURUSD","2023-06-26 00:02:26.054Z",1.09071,1.09077
"exness","EURUSD","2023-06-26 00:02:29.690Z",1.0907,1.09077
"exness","EURUSD","2023-06-26 00:02:30.704Z",1.09071,1.09077
"exness","EURUSD","2023-06-26 00:02:31.787Z",1.0907,1.09076
"exness","EURUSD","2023-06-26 00:02:32.970Z",1.09071,1.09076
"exness","EURUSD","2023-06-26 00:02:34.578Z",1.09069,1.09076
"exness","EURUSD","2023-06-26 00:02:35.823Z",1.09069,1.0907499999999999
"exness","EURUSD","2023-06-26 00:02:36.504Z",1.09071,1.09077
"exness","EURUSD","2023-06-26 00:02:37.981Z",1.0907,1.09076
"exness","EURUSD","2023-06-26 00:02:38.980Z",1.09068,1.0907499999999999
"exness","EURUSD","2023-06-26 00:02:39.987Z",1.09067,1.09073
"exness","EURUSD","2023-06-26 00:02:41.231Z",1.09067,1.09072
"exness","EURUSD","2023-06-26 00:02:42.460Z",1.09068,1.09073
"exness","EURUSD","2023-06-26 00:02:42.551Z",1.09066,1.09072
"exness","EURUSD","2023-06-26 00:02:43.566Z",1.09066,1.09071
"exness","EURUSD","2023-06-26 00:02:44.677Z",1.09065,1.09071
"exness","EURUSD","2023-06-26 00:02:46.004Z",1.09065,1.0907
"exness","EURUSD","2023-06-26 00:02:46.524Z",1.09066,1.09072
"exness","EURUSD","2023-06-26 00:02:47.200Z",1.09064,1.0907
"exness","EURUSD","2023-06-26 00:02:48.474Z",1.09065,1.0907
"exness","EURUSD","2023-06-26 00:02:49.672Z",1.09064,1.0907
"exness","EURUSD","2023-06-26 00:02:51.956Z",1.09062,1.09069
"exness","EURUSD","2023-06-26 00:02:52.883Z",1.09061,1.09067
"exness","EURUSD","2023-06-26 00:02:54.116Z",1.09062,1.09067
"exness","EURUSD","2023-06-26 00:02:55.135Z",1.09062,1.09068
"exness","EURUSD","2023-06-26 00:02:56.017Z",1.0906,1.09066
"exness","EURUSD","2023-06-26 00:02:58.530Z",1.0906,1.09065
"exness","EURUSD","2023-06-26 00:02:59.658Z",1.0906,1.09066
"exness","EURUSD","2023-06-26 00:03:00.699Z",1.09059,1.09066
"exness","EURUSD","2023-06-26 00:03:00.936Z",1.09058,1.09064
"exness","EURUSD","2023-06-26 00:03:01.107Z",1.09056,1.09062
"exness","EURUSD","2023-06-26 00:03:01.712Z",1.09056,1.09061
"exness","EURUSD","2023-06-26 00:03:01.757Z",1.09056,1.09062
"exness","EURUSD","2023-06-26 00:03:01.855Z",1.09056,1.09061
"exness","EURUSD","2023-06-26 00:03:02.229Z",1.09054,1.0906
"exness","EURUSD","2023-06-26 00:03:02.384Z",1.09054,1.09059
"exness","EURUSD","2023-06-26 00:03:02.626Z",1.09052,1.09059
"exness","EURUSD","2023-06-26 00:03:02.835Z",1.09051,1.09057
"exness","EURUSD","2023-06-26 00:03:03.108Z",1.09051,1.09056
"exness","EURUSD","2023-06-26 00:03:04.240Z",1.0905,1.09057
"exness","EURUSD","2023-06-26 00:03:05.500Z",1.0905,1.09056
"exness","EURUSD","2023-06-26 00:03:07.710Z",1.09049,1.09056
"exness","EURUSD","2023-06-26 00:03:08.868Z",1.09049,1.09055
"exness","EURUSD","2023-06-26 00:03:09.924Z",1.09049,1.09056
"exness","EURUSD","2023-06-26 00:03:11.135Z",1.09048,1.09054
"exness","EURUSD","2023-06-26 00:03:11.891Z",1.0905,1.09055
"exness","EURUSD","2023-06-26 00:03:15.456Z",1.0905,1.09056
"exness","EURUSD","2023-06-26 00:03:16.520Z",1.09051,1.09056
"exness","EURUSD","2023-06-26 00:03:17.432Z",1.09049,1.09055
"exness","EURUSD","2023-06-26 00:03:18.460Z",1.09048,1.09054
"exness","EURUSD","2023-06-26 00:03:19.460Z",1.09049,1.09055
"exness","EURUSD","2023-06-26 00:03:19.898Z",1.09047,1.09054
"exness","EURUSD","2023-06-26 00:03:19.914Z",1.09046,1.09052
"exness","EURUSD","2023-06-26 00:03:19.976Z",1.09044,1.0905
"exness","EURUSD","2023-06-26 00:03:21.420Z",1.09044,1.09049
"exness","EURUSD","2023-06-26 00:03:22.425Z",1.09044,1.0905
"exness","EURUSD","2023-06-26 00:03:23.918Z",1.09042,1.09049
"exness","EURUSD","2023-06-26 00:03:24.392Z",1.09041,1.09047
"exness","EURUSD","2023-06-26 00:03:25.656Z",1.09041,1.09046
"exness","EURUSD","2023-06-26 00:03:26.906Z",1.09041,1.09047
"exness","EURUSD","2023-06-26 00:03:30.689Z",1.09042,1.09048
"exness","EURUSD","2023-06-26 00:03:30.762Z",1.09044,1.0905
"exness","EURUSD","2023-06-26 00:03:34.668Z",1.09045,1.0905
"exness","EURUSD","2023-06-26 00:03:35.033Z",1.09043,1.09049
"exness","EURUSD","2023-06-26 00:03:35.040Z",1.09041,1.09048
"exness","EURUSD","2023-06-26 00:03:35.213Z",1.09041,1.09046
"exness","EURUSD","2023-06-26 00:03:36.241Z",1.09042,1.09047
"exness","EURUSD","2023-06-26 00:03:38.473Z",1.09042,1.09049
"exness","EURUSD","2023-06-26 00:03:39.374Z",1.09044,1.09049
"exness","EURUSD","2023-06-26 00:03:40.306Z",1.09043,1.09049
"exness","EURUSD","2023-06-26 00:03:40.743Z",1.09041,1.09047
"exness","EURUSD","2023-06-26 00:03:40.899Z",1.09039,1.09046
"exness","EURUSD","2023-06-26 00:03:42.001Z",1.09039,1.09045
"exness","EURUSD","2023-06-26 00:03:42.924Z",1.09041,1.09046
"exness","EURUSD","2023-06-26 00:03:43.924Z",1.0904,1.09045
"exness","EURUSD","2023-06-26 00:03:47.342Z",1.0904,1.09046
"exness","EURUSD","2023-06-26 00:03:53.988Z",1.09041,1.09048
"exness","EURUSD","2023-06-26 00:03:55.206Z",1.0904,1.09046
"exness","EURUSD","2023-06-26 00:03:56.540Z",1.09041,1.09047
"exness","EURUSD","2023-06-26 00:03:58.509Z",1.09043,1.09049
"exness","EURUSD","2023-06-26 00:03:59.011Z",1.09042,1.09047
"exness","EURUSD","2023-06-26 00:03:59.032Z",1.09041,1.09047
"exness","EURUSD","2023-06-26 00:04:00.518Z",1.0904,1.09045
"exness","EURUSD","2023-06-26 00:04:03.091Z",1.0904,1.09046
"exness","EURUSD","2023-06-26 00:04:04.194Z",1.09039,1.09046
"exness","EURUSD","2023-06-26 00:04:06.290Z",1.09039,1.09045
"exness","EURUSD","2023-06-26 00:04:09.685Z",1.09037,1.09044
"exness","EURUSD","2023-06-26 00:04:09.695Z",1.09036,1.09042
"exness","EURUSD","2023-06-26 00:04:09.724Z",1.09034,1.0904
"exness","EURUSD","2023-06-26 00:04:14.190Z",1.09032,1.09038
"exness","EURUSD","2023-06-26 00:04:14.217Z",1.0903100000000001,1.09037
"exness","EURUSD","2023-06-26 00:04:14.242Z",1.09029,1.09035
"exness","EURUSD","2023-06-26 00:04:15.268Z",1.0903,1.09035
"exness","EURUSD","2023-06-26 00:04:18.099Z",1.0903,1.09036
"exness","EURUSD","2023-06-26 00:04:21.054Z",1.0903100000000001,1.09037
"exness","EURUSD","2023-06-26 00:04:21.105Z",1.09033,1.09039
"exness","EURUSD","2023-06-26 00:04:21.230Z",1.09034,1.09041
"exness","EURUSD","2023-06-26 00:04:21.244Z",1.09036,1.09042
"exness","EURUSD","2023-06-26 00:04:22.524Z",1.09036,1.09041
"exness","EURUSD","2023-06-26 00:04:23.988Z",1.09035,1.09042
"exness","EURUSD","2023-06-26 00:04:26.231Z",1.09036,1.09042
"exness","EURUSD","2023-06-26 00:04:28.923Z",1.09037,1.09044
"exness","EURUSD","2023-06-26 00:04:29.355Z",1.09039,1.09044
"exness","EURUSD","2023-06-26 00:04:29.559Z",1.09038,1.09044
"exness","EURUSD","2023-06-26 00:04:29.751Z",1.09036,1.09042
"exness","EURUSD","2023-06-26 00:04:31.341Z",1.09037,1.09044
"exness","EURUSD","2023-06-26 00:04:32.417Z",1.09039,1.09044
"exness","EURUSD","2023-06-26 00:04:33.611Z",1.09039,1.09045
"exness","EURUSD","2023-06-26 00:04:34.894Z",1.09037,1.09043
"exness","EURUSD","2023-06-26 00:04:34.914Z",1.09036,1.09042
"exness","EURUSD","2023-06-26 00:04:35.921Z",1.09036,1.09041
"exness","EURUSD","2023-06-26 00:04:38.195Z",1.09035,1.09041
"exness","EURUSD","2023-06-26 00:04:43.876Z",1.09036,1.09043
"exness","EURUSD","2023-06-26 00:04:43.903Z",1.09038,1.09044
"exness","EURUSD","2023-06-26 00:04:44.746Z",1.09036,1.09043
"exness","EURUSD","2023-06-26 00:04:44.750Z",1.09035,1.09041
"exness","EURUSD","2023-06-26 00:04:44.779Z",1.09033,1.09039
"exness","EURUSD","2023-06-26 00:04:44.783Z",1.0903,1.09036
"exness","EURUSD","2023-06-26 00:04:44.793Z",1.09029,1.09035
"exness","EURUSD","2023-06-26 00:04:44.810Z",1.09027,1.09033
"exness","EURUSD","2023-06-26 00:04:44.822Z",1.09025,1.09032
"exness","EURUSD","2023-06-26 00:04:44.840Z",1.09027,1.09033
"exness","EURUSD","2023-06-26 00:04:44.864Z",1.09025,1.0903100000000001
"exness","EURUSD","2023-06-26 00:04:44.868Z",1.09023,1.09029
"exness","EURUSD","2023-06-26 00:04:44.915Z",1.09021,1.09028
"exness","EURUSD","2023-06-26 00:04:44.924Z",1.09023,1.09029
"exness","EURUSD","2023-06-26 00:04:44.991Z",1.09025,1.0903100000000001
"exness","EURUSD","2023-06-26 00:04:45.294Z",1.09026,1.09032
"exness","EURUSD","2023-06-26 00:04:45.471Z",1.09028,1.09034
"exness","EURUSD","2023-06-26 00:04:46.472Z",1.09026,1.09032
"exness","EURUSD","2023-06-26 00:04:48.602Z",1.09027,1.09034
"exness","EURUSD","2023-06-26 00:04:49.680Z",1.09028,1.09034
"exness","EURUSD","2023-06-26 00:04:49.847Z",1.0903,1.09036
"exness","EURUSD","2023-06-26 00:04:50.111Z",1.0903100000000001,1.09037
"exness","EURUSD","2023-06-26 00:04:50.574Z",1.09033,1.09039
"exness","EURUSD","2023-06-26 00:04:53.687Z",1.09033,1.0904
"exness","EURUSD","2023-06-26 00:04:54.829Z",1.09035,1.0904
"exness","EURUSD","2023-06-26 00:04:54.872Z",1.09035,1.09042
"exness","EURUSD","2023-06-26 00:04:54.981Z",1.09037,1.09043
"exness","EURUSD","2023-06-26 00:04:56.443Z",1.09038,1.09044
"exness","EURUSD","2023-06-26 00:04:57.446Z",1.09039,1.09045
"exness","EURUSD","2023-06-26 00:05:00.851Z",1.09037,1.09044
"exness","EURUSD","2023-06-26 00:05:00.883Z",1.09036,1.09042
"exness","EURUSD","2023-06-26 00:05:00.923Z",1.09034,1.09041
"exness","EURUSD","2023-06-26 00:05:02.084Z",1.09034,1.09039
"exness","EURUSD","2023-06-26 00:05:03.102Z",1.09034,1.0904
"exness","EURUSD","2023-06-26 00:05:03.657Z",1.09032,1.09039
"exness","EURUSD","2023-06-26 00:05:03.674Z",1.0903,1.09036
"exness","EURUSD","2023-06-26 00:05:03.923Z",1.09032,1.09037
"exness","EURUSD","2023-06-26 00:05:05.208Z",1.09033,1.09039
"exness","EURUSD","2023-06-26 00:05:06.074Z",1.09034,1.09041
"exness","EURUSD","2023-06-26 00:05:07.165Z",1.09035,1.09041
"exness","EURUSD","2023-06-26 00:05:08.074Z",1.09033,1.09039
"exness","EURUSD","2023-06-26 00:05:11.850Z",1.0903100000000001,1.09038
"exness","EURUSD","2023-06-26 00:05:11.857Z",1.0903,1.09036
"exness","EURUSD","2023-06-26 00:05:11.981Z",1.09029,1.09034
"exness","EURUSD","2023-06-26 00:05:12.091Z",1.09029,1.09036
"exness","EURUSD","2023-06-26 00:05:13.282Z",1.09029,1.09035
"exness","EURUSD","2023-06-26 00:05:14.371Z",1.0903,1.09036
"exness","EURUSD","2023-06-26 00:05:17.096Z",1.09028,1.09034
"exness","EURUSD","2023-06-26 00:05:17.106Z",1.09027,1.09033
"exness","EURUSD","2023-06-26 00:05:17.119Z",1.09025,1.0903100000000001
"exness","EURUSD","2023-06-26 00:05:17.164Z",1.09025,1.0903
"exness","EURUSD","2023-06-26 00:05:17.362Z",1.09025,1.0903100000000001
"exness","EURUSD","2023-06-26 00:05:17.429Z",1.09027,1.09033
"exness","EURUSD","2023-06-26 00:05:17.501Z",1.09028,1.09033
"exness","EURUSD","2023-06-26 00:05:17.593Z",1.09027,1.09033
"exness","EURUSD","2023-06-26 00:05:17.624Z",1.09025,1.0903100000000001
"exness","EURUSD","2023-06-26 00:05:18.454Z",1.09024,1.09029
"exness","EURUSD","2023-06-26 00:05:21.222Z",1.09024,1.0903
"exness","EURUSD","2023-06-26 00:05:21.246Z",1.09025,1.09032
"exness","EURUSD","2023-06-26 00:05:21.275Z",1.09027,1.09033
"exness","EURUSD","2023-06-26 00:05:22.285Z",1.09028,1.09035
"exness","EURUSD","2023-06-26 00:05:22.690Z",1.09028,1.09033
"exness","EURUSD","2023-06-26 00:05:22.760Z",1.09026,1.09032
"exness","EURUSD","2023-06-26 00:05:23.597Z",1.09024,1.0903100000000001
"exness","EURUSD","2023-06-26 00:05:24.358Z",1.09023,1.09029
"exness","EURUSD","2023-06-26 00:05:24.477Z",1.09021,1.09028
"exness","EURUSD","2023-06-26 00:05:24.686Z",1.09021,1.09026
"exness","EURUSD","2023-06-26 00:05:24.990Z",1.09019,1.09026
"exness","EURUSD","2023-06-26 00:05:26.382Z",1.09019,1.09025
"exness","EURUSD","2023-06-26 00:05:28.832Z",1.09018,1.09024
"exness","EURUSD","2023-06-26 00:05:29.129Z",1.09017,1.09023
"exness","EURUSD","2023-06-26 00:05:30.105Z",1.09016,1.09021
"exness","EURUSD","2023-06-26 00:05:31.064Z",1.09017,1.09023
"exness","EURUSD","2023-06-26 00:05:32.198Z",1.09018,1.09024
"exness","EURUSD","2023-06-26 00:05:35.728Z",1.09019,1.09024
"exness","EURUSD","2023-06-26 00:05:36.757Z",1.09019,1.09025
"exness","EURUSD","2023-06-26 00:05:38.108Z",1.09019,1.09026
"exness","EURUSD","2023-06-26 00:05:39.166Z",1.09019,1.09025
"exness","EURUSD","2023-06-26 00:05:43.674Z",1.09017,1.09023
"exness","EURUSD","2023-06-26 00:05:44.700Z",1.09016,1.09022
"exness","EURUSD","2023-06-26 00:05:45.271Z",1.09018,1.09024
"exness","EURUSD","2023-06-26 00:05:47.005Z",1.09018,1.09025
"exness","EURUSD","2023-06-26 00:05:51.553Z",1.09019,1.09024
"exness","EURUSD","2023-06-26 00:05:51.802Z",1.0902,1.09026
"exness","EURUSD","2023-06-26 00:05:53.292Z",1.09021,1.09027
"exness","EURUSD","2023-06-26 00:05:56.281Z",1.09021,1.09026
"exness","EURUSD","2023-06-26 00:05:58.613Z",1.0902,1.09026
"exness","EURUSD","2023-06-26 00:05:59.672Z",1.09021,1.09026
"exness","EURUSD","2023-06-26 00:06:00.313Z",1.09021,1.09027
"exness","EURUSD","2023-06-26 00:06:00.339Z",1.09023,1.09028
"exness","EURUSD","2023-06-26 00:06:00.900Z",1.09021,1.09027
"exness","EURUSD","2023-06-26 00:06:01.718Z",1.09023,1.09029
"exness","EURUSD","2023-06-26 00:06:02.030Z",1.09024,1.0903
"exness","EURUSD","2023-06-26 00:06:02.495Z",1.09026,1.09032
"exness","EURUSD","2023-06-26 00:06:02.527Z",1.09027,1.09034
"exness","EURUSD","2023-06-26 00:06:02.734Z",1.09029,1.09034
"exness","EURUSD","2023-06-26 00:06:04.904Z",1.0903,1.09035
"exness","EURUSD","2023-06-26 00:06:06.145Z",1.09029,1.09035
"exness","EURUSD","2023-06-26 00:06:06.814Z",1.09027,1.09034
"exness","EURUSD","2023-06-26 00:06:07.277Z",1.09027,1.09032
"exness","EURUSD","2023-06-26 00:06:08.928Z",1.09027,1.09034
"exness","EURUSD","2023-06-26 00:06:09.440Z",1.09026,1.09032
"exness","EURUSD","2023-06-26 00:06:09.483Z",1.09024,1.0903
"exness","EURUSD","2023-06-26 00:06:09.497Z",1.09023,1.09029
"exness","EURUSD","2023-06-26 00:06:09.511Z",1.09021,1.09027
"exness","EURUSD","2023-06-26 00:06:09.539Z",1.0902,1.09026
"exness","EURUSD","2023-06-26 00:06:09.546Z",1.09018,1.09024
"exness","EURUSD","2023-06-26 00:06:09.908Z",1.09016,1.09023
"exness","EURUSD","2023-06-26 00:06:10.924Z",1.09015,1.09021
"exness","EURUSD","2023-06-26 00:06:12.261Z",1.0901399999999999,1.0902
"exness","EURUSD","2023-06-26 00:06:12.329Z",1.09013,1.09019
"exness","EURUSD","2023-06-26 00:06:12.349Z",1.09011,1.09017
"exness","EURUSD","2023-06-26 00:06:12.364Z",1.09009,1.09016
"exness","EURUSD","2023-06-26 00:06:12.386Z",1.09011,1.09016
"exness","EURUSD","2023-06-26 00:06:12.451Z",1.0901,1.09015
"exness","EURUSD","2023-06-26 00:06:12.555Z",1.09008,1.0901399999999999
"exness","EURUSD","2023-06-26 00:06:12.628Z",1.09007,1.09013
"exness","EURUSD","2023-06-26 00:06:12.722Z",1.09005,1.09011
"exness","EURUSD","2023-06-26 00:06:12.763Z",1.09006,1.09013
"exness","EURUSD","2023-06-26 00:06:12.909Z",1.09008,1.0901399999999999
"exness","EURUSD","2023-06-26 00:06:12.934Z",1.0901,1.09015
"exness","EURUSD","2023-06-26 00:06:13.139Z",1.09008,1.0901399999999999
"exness","EURUSD","2023-06-26 00:06:13.434Z",1.09006,1.09013
"exness","EURUSD","2023-06-26 00:06:13.499Z",1.09005,1.09011
"exness","EURUSD","2023-06-26 00:06:14.484Z",1.09005,1.0901
"exness","EURUSD","2023-06-26 00:06:14.584Z",1.09005,1.09011
"exness","EURUSD","2023-06-26 00:06:15.159Z",1.09005,1.09012
"exness","EURUSD","2023-06-26 00:06:15.678Z",1.09007,1.09013
"exness","EURUSD","2023-06-26 00:06:15.743Z",1.09008,1.09015
"exness","EURUSD","2023-06-26 00:06:16.078Z",1.0901,1.09017
"exness","EURUSD","2023-06-26 00:06:16.256Z",1.09009,1.09015
"exness","EURUSD","2023-06-26 00:06:16.381Z",1.09008,1.09013
"exness","EURUSD","2023-06-26 00:06:16.460Z",1.09009,1.09015
"exness","EURUSD","2023-06-26 00:06:17.512Z",1.09007,1.0901399999999999
"exness","EURUSD","2023-06-26 00:06:19.098Z",1.09008,1.09013
"exness","EURUSD","2023-06-26 00:06:19.121Z",1.09008,1.0901399999999999
"exness","EURUSD","2023-06-26 00:06:19.171Z",1.0901,1.09016
"exness","EURUSD","2023-06-26 00:06:19.218Z",1.09009,1.0901399999999999
"exness","EURUSD","2023-06-26 00:06:19.349Z",1.09008,1.0901399999999999
"exness","EURUSD","2023-06-26 00:06:22.354Z",1.09007,1.09013
"exness","EURUSD","2023-06-26 00:06:23.485Z",1.09008,1.09013
"exness","EURUSD","2023-06-26 00:06:23.493Z",1.09008,1.0901399999999999
"exness","EURUSD","2023-06-26 00:06:23.526Z",1.09008,1.09013
"exness","EURUSD","2023-06-26 00:06:25.012Z",1.09007,1.09013
"exness","EURUSD","2023-06-26 00:06:28.669Z",1.09008,1.09013
"exness","EURUSD","2023-06-26 00:06:30.043Z",1.09007,1.09013
"exness","EURUSD","2023-06-26 00:06:31.054Z",1.09008,1.0901399999999999
"exness","EURUSD","2023-06-26 00:06:32.800Z",1.09009,1.09016
"exness","EURUSD","2023-06-26 00:06:32.844Z",1.09011,1.09017
"exness","EURUSD","2023-06-26 00:06:32.871Z",1.0901,1.09016
"exness","EURUSD","2023-06-26 00:06:32.916Z",1.09008,1.0901399999999999
"exness","EURUSD","2023-06-26 00:06:33.140Z",1.09007,1.09012
"exness","EURUSD","2023-06-26 00:06:33.364Z",1.09008,1.0901399999999999
"exness","EURUSD","2023-06-26 00:06:33.486Z",1.09008,1.09013
"exness","EURUSD","2023-06-26 00:06:33.653Z",1.09006,1.09012
"exness","EURUSD","2023-06-26 00:06:33.672Z",1.09005,1.09011
"exness","EURUSD","2023-06-26 00:06:33.905Z",1.09006,1.09012
"exness","EURUSD","2023-06-26 00:06:33.923Z",1.09008,1.0901399999999999
"exness","EURUSD","2023-06-26 00:06:35.406Z",1.09007,1.0901399999999999
"exness","EURUSD","2023-06-26 00:06:35.766Z",1.09006,1.09012
"exness","EURUSD","2023-06-26 00:06:35.968Z",1.09005,1.0901
"exness","EURUSD","2023-06-26 00:06:36.875Z",1.09005,1.09012
"exness","EURUSD","2023-06-26 00:06:37.298Z",1.09007,1.09012
"exness","EURUSD","2023-06-26 00:06:38.689Z",1.09007,1.09013
"exness","EURUSD","2023-06-26 00:06:40.586Z",1.09009,1.09015
"exness","EURUSD","2023-06-26 00:06:41.013Z",1.09009,1.0901399999999999
"exness","EURUSD","2023-06-26 00:06:42.016Z",1.09007,1.09013
"exness","EURUSD","2023-06-26 00:06:42.053Z",1.09006,1.09012
"exness","EURUSD","2023-06-26 00:06:43.060Z",1.09004,1.0901
"exness","EURUSD","2023-06-26 00:06:44.822Z",1.09005,1.0901
"exness","EURUSD","2023-06-26 00:06:45.829Z",1.09003,1.09009
"exness","EURUSD","2023-06-26 00:06:49.331Z",1.09005,1.09011
"exness","EURUSD","2023-06-26 00:06:50.068Z",1.09003,1.09009
"exness","EURUSD","2023-06-26 00:06:50.113Z",1.09002,1.09008
"exness","EURUSD","2023-06-26 00:06:50.135Z",1.09002,1.09007
"exness","EURUSD","2023-06-26 00:06:50.251Z",1.09,1.09006
"exness","EURUSD","2023-06-26 00:06:50.430Z",1.08998,1.09005
"exness","EURUSD","2023-06-26 00:06:50.472Z",1.09,1.09006
"exness","EURUSD","2023-06-26 00:06:50.504Z",1.09002,1.09008
"exness","EURUSD","2023-06-26 00:06:50.661Z",1.09003,1.09008
"exness","EURUSD","2023-06-26 00:06:51.510Z",1.09004,1.0901
"exness","EURUSD","2023-06-26 00:06:52.722Z",1.09004,1.09009
"exness","EURUSD","2023-06-26 00:06:53.617Z",1.09002,1.09008
"exness","EURUSD","2023-06-26 00:06:53.686Z",1.09,1.09007
"exness","EURUSD","2023-06-26 00:06:53.709Z",1.08999,1.09005
"exness","EURUSD","2023-06-26 00:06:53.760Z",1.08997,1.09003
"exness","EURUSD","2023-06-26 00:06:53.805Z",1.08999,1.09005
"exness","EURUSD","2023-06-26 00:06:53.884Z",1.08997,1.09004
"exness","EURUSD","2023-06-26 00:06:53.956Z",1.08997,1.09002
"exness","EURUSD","2023-06-26 00:06:54.113Z",1.08995,1.09001
"exness","EURUSD","2023-06-26 00:06:55.159Z",1.08994,1.09
"exness","EURUSD","2023-06-26 00:06:57.831Z",1.08993,1.09
"exness","EURUSD","2023-06-26 00:06:58.882Z",1.08994,1.09
"exness","EURUSD","2023-06-26 00:06:59.914Z",1.08993,1.09
"exness","EURUSD","2023-06-26 00:06:59.932Z",1.08992,1.08998
"exness","EURUSD","2023-06-26 00:06:59.976Z",1.0899,1.08996
"exness","EURUSD","2023-06-26 00:07:01.004Z",1.08989,1.08995
"exness","EURUSD","2023-06-26 00:07:01.176Z",1.0899,1.08997
"exness","EURUSD","2023-06-26 00:07:01.284Z",1.08992,1.08998
"exness","EURUSD","2023-06-26 00:07:01.306Z",1.08994,1.09
"exness","EURUSD","2023-06-26 00:07:01.349Z",1.08995,1.09001
"exness","EURUSD","2023-06-26 00:07:02.054Z",1.08997,1.09002
"exness","EURUSD","2023-06-26 00:07:02.187Z",1.08997,1.09004
"exness","EURUSD","2023-06-26 00:07:02.198Z",1.08999,1.09005
"exness","EURUSD","2023-06-26 00:07:02.281Z",1.08998,1.09004
"exness","EURUSD","2023-06-26 00:07:02.314Z",1.08997,1.09002
"exness","EURUSD","2023-06-26 00:07:02.318Z",1.08996,1.09002
"exness","EURUSD","2023-06-26 00:07:04.580Z",1.08997,1.09003
"exness","EURUSD","2023-06-26 00:07:05.835Z",1.08995,1.09001
"exness","EURUSD","2023-06-26 00:07:06.254Z",1.08997,1.09003
"exness","EURUSD","2023-06-26 00:07:06.277Z",1.08999,1.09004
"exness","EURUSD","2023-06-26 00:07:06.371Z",1.08997,1.09003
"exness","EURUSD","2023-06-26 00:07:06.504Z",1.08995,1.09002
"exness","EURUSD","2023-06-26 00:07:06.614Z",1.08997,1.09002
"exness","EURUSD","2023-06-26 00:07:07.712Z",1.08997,1.09003
"exness","EURUSD","2023-06-26 00:07:08.007Z",1.08999,1.09004
"exness","EURUSD","2023-06-26 00:07:08.110Z",1.08997,1.09003
"exness","EURUSD","2023-06-26 00:07:09.241Z",1.08997,1.09002
"exness","EURUSD","2023-06-26 00:07:11.893Z",1.08998,1.09003
"exness","EURUSD","2023-06-26 00:07:14.048Z",1.08997,1.09003
"exness","EURUSD","2023-06-26 00:07:15.868Z",1.08995,1.09001
"exness","EURUSD","2023-06-26 00:07:15.927Z",1.08995,1.09
"exness","EURUSD","2023-06-26 00:07:16.377Z",1.08993,1.08999
"exness","EURUSD","2023-06-26 00:07:18.481Z",1.08993,1.08998
"exness","EURUSD","2023-06-26 00:07:19.817Z",1.08992,1.08998
"exness","EURUSD","2023-06-26 00:07:22.101Z",1.08993,1.08999
"exness","EURUSD","2023-06-26 00:07:24.269Z",1.08994,1.08999
"exness","EURUSD","2023-06-26 00:07:26.411Z",1.08994,1.09001
"exness","EURUSD","2023-06-26 00:07:27.495Z",1.08994,1.09
"exness","EURUSD","2023-06-26 00:07:28.701Z",1.08994,1.08999
"exness","EURUSD","2023-06-26 00:07:29.418Z",1.08993,1.08999
"exness","EURUSD","2023-06-26 00:07:30.225Z",1.08992,1.08997
"exness","EURUSD","2023-06-26 00:07:31.778Z",1.08993,1.08999
"exness","EURUSD","2023-06-26 00:07:32.755Z",1.08994,1.08999
"exness","EURUSD","2023-06-26 00:07:34.416Z",1.08994,1.09001
"exness","EURUSD","2023-06-26 00:07:34.437Z",1.08996,1.09002
"exness","EURUSD","2023-06-26 00:07:35.232Z",1.08997,1.09002
"exness","EURUSD","2023-06-26 00:07:36.267Z",1.08996,1.09003
"exness","EURUSD","2023-06-26 00:07:38.366Z",1.08996,1.09002
"exness","EURUSD","2023-06-26 00:07:39.988Z",1.08995,1.09001
"exness","EURUSD","2023-06-26 00:07:40.009Z",1.08993,1.08999
"exness","EURUSD","2023-06-26 00:07:40.025Z",1.08991,1.08998
"exness","EURUSD","2023-06-26 00:07:40.031Z",1.0899,1.08996
"exness","EURUSD","2023-06-26 00:07:40.047Z",1.08988,1.08994
"exness","EURUSD","2023-06-26 00:07:40.077Z",1.08987,1.08993
"exness","EURUSD","2023-06-26 00:07:40.146Z",1.08988,1.08993
"exness","EURUSD","2023-06-26 00:07:41.695Z",1.08988,1.08994
"exness","EURUSD","2023-06-26 00:07:47.431Z",1.08989,1.08996
"exness","EURUSD","2023-06-26 00:07:48.441Z",1.08989,1.08995
"exness","EURUSD","2023-06-26 00:07:48.703Z",1.08989,1.08994
"exness","EURUSD","2023-06-26 00:07:49.706Z",1.08988,1.08994
"exness","EURUSD","2023-06-26 00:07:49.902Z",1.0899,1.08996
"exness","EURUSD","2023-06-26 00:07:50.091Z",1.08989,1.08994
"exness","EURUSD","2023-06-26 00:07:52.262Z",1.0899,1.08996
"exness","EURUSD","2023-06-26 00:07:52.499Z",1.08991,1.08997
"exness","EURUSD","2023-06-26 00:07:52.559Z",1.08993,1.08999
"exness","EURUSD","2023-06-26 00:07:52.651Z",1.08994,1.09001
"exness","EURUSD","2023-06-26 00:07:52.686Z",1.08996,1.09002
"exness","EURUSD","2023-06-26 00:07:52.722Z",1.08997,1.09004
"exness","EURUSD","2023-06-26 00:07:52.800Z",1.08999,1.09004
"exness","EURUSD","2023-06-26 00:07:53.112Z",1.08999,1.09006
"exness","EURUSD","2023-06-26 00:07:53.724Z",1.09001,1.09007
"exness","EURUSD","2023-06-26 00:07:53.942Z",1.08999,1.09006
"exness","EURUSD","2023-06-26 00:07:53.999Z",1.09001,1.09007
"exness","EURUSD","2023-06-26 00:07:54.086Z",1.09003,1.09008
"exness","EURUSD","2023-06-26 00:07:55.401Z",1.09002,1.09008
"exness","EURUSD","2023-06-26 00:07:55.441Z",1.09,1.09006
"exness","EURUSD","2023-06-26 00:07:56.096Z",1.09002,1.09007
"exness","EURUSD","2023-06-26 00:07:57.284Z",1.09002,1.09008
"exness","EURUSD","2023-06-26 00:07:57.720Z",1.09003,1.09009
"exness","EURUSD","2023-06-26 00:07:57.747Z",1.09005,1.09011
"exness","EURUSD","2023-06-26 00:07:57.799Z",1.09006,1.09011
"exness","EURUSD","2023-06-26 00:07:58.028Z",1.09007,1.09013
"exness","EURUSD","2023-06-26 00:07:58.049Z",1.09008,1.09015
"exness","EURUSD","2023-06-26 00:07:58.371Z",1.0901,1.09016
"exness","EURUSD","2023-06-26 00:07:59.535Z",1.0901,1.09015
"exness","EURUSD","2023-06-26 00:08:01.027Z",1.09011,1.09017
"exness","EURUSD","2023-06-26 00:08:01.187Z",1.09012,1.09019
"exness","EURUSD","2023-06-26 00:08:02.217Z",1.09013,1.09019
"exness","EURUSD","2023-06-26 00:08:03.112Z",1.0901399999999999,1.0902
"exness","EURUSD","2023-06-26 00:08:03.193Z",1.09016,1.09021
"exness","EURUSD","2023-06-26 00:08:04.217Z",1.09015,1.09021
"exness","EURUSD","2023-06-26 00:08:05.286Z",1.0901399999999999,1.09021
"exness","EURUSD","2023-06-26 00:08:05.813Z",1.09013,1.09019
"exness","EURUSD","2023-06-26 00:08:06.816Z",1.09011,1.09018
"exness","EURUSD","2023-06-26 00:08:07.354Z",1.09013,1.09018
"exness","EURUSD","2023-06-26 00:08:08.519Z",1.09013,1.09019
"exness","EURUSD","2023-06-26 00:08:09.349Z",1.09015,1.09021
"exness","EURUSD","2023-06-26 00:08:09.859Z",1.09016,1.09021
"exness","EURUSD","2023-06-26 00:08:10.046Z",1.09015,1.09021
"exness","EURUSD","2023-06-26 00:08:10.574Z",1.09016,1.09021
"exness","EURUSD","2023-06-26 00:08:10.605Z",1.09017,1.09023
"exness","EURUSD","2023-06-26 00:08:10.640Z",1.09018,1.09024
"exness","EURUSD","2023-06-26 00:08:10.667Z",1.0902,1.09026
"exness","EURUSD","2023-06-26 00:08:11.589Z",1.09021,1.09026
"exness","EURUSD","2023-06-26 00:08:12.590Z",1.0902,1.09027
"exness","EURUSD","2023-06-26 00:08:14.773Z",1.0902,1.09026
"exness","EURUSD","2023-06-26 00:08:15.807Z",1.09021,1.09026
"exness","EURUSD","2023-06-26 00:08:18.119Z",1.09019,1.09026
"exness","EURUSD","2023-06-26 00:08:18.446Z",1.09019,1.09024
"exness","EURUSD","2023-06-26 00:08:22.074Z",1.09018,1.09024
"exness","EURUSD","2023-06-26 00:08:22.300Z",1.09017,1.09023
"exness","EURUSD","2023-06-26 00:08:23.511Z",1.09018,1.09023
"exness","EURUSD","2023-06-26 00:08:24.531Z",1.09017,1.09022
"exness","EURUSD","2023-06-26 00:08:25.708Z",1.09017,1.09023
"exness","EURUSD","2023-06-26 00:08:28.880Z",1.09016,1.09022
"exness","EURUSD","2023-06-26 00:08:29.689Z",1.0901399999999999,1.09021
"exness","EURUSD","2023-06-26 00:08:30.746Z",1.0901399999999999,1.0902
"exness","EURUSD","2023-06-26 00:08:31.773Z",1.09015,1.0902
"exness","EURUSD","2023-06-26 00:08:32.513Z",1.09015,1.09021
"exness","EURUSD","2023-06-26 00:08:33.054Z",1.09017,1.09023
"exness","EURUSD","2023-06-26 00:08:34.067Z",1.09016,1.09023
"exness","EURUSD","2023-06-26 00:08:34.481Z",1.09018,1.09024
"exness","EURUSD","2023-06-26 00:08:34.692Z",1.09017,1.09023
"exness","EURUSD","2023-06-26 00:08:35.001Z",1.09018,1.09024
"exness","EURUSD","2023-06-26 00:08:35.137Z",1.0902,1.09026
"exness","EURUSD","2023-06-26 00:08:35.165Z",1.09021,1.09028
"exness","EURUSD","2023-06-26 00:08:35.191Z",1.09023,1.09029
"exness","EURUSD","2023-06-26 00:08:35.308Z",1.09024,1.0903100000000001
"exness","EURUSD","2023-06-26 00:08:36.394Z",1.09023,1.09029
"exness","EURUSD","2023-06-26 00:08:37.546Z",1.09024,1.0903
"exness","EURUSD","2023-06-26 00:08:38.628Z",1.09024,1.0903100000000001
"exness","EURUSD","2023-06-26 00:08:39.637Z",1.09025,1.0903100000000001
"exness","EURUSD","2023-06-26 00:08:46.039Z",1.09025,1.09032
"exness","EURUSD","2023-06-26 00:08:47.058Z",1.09025,1.0903100000000001
"exness","EURUSD","2023-06-26 00:08:48.012Z",1.09026,1.09033
"exness","EURUSD","2023-06-26 00:08:48.045Z",1.09028,1.09034
"exness","EURUSD","2023-06-26 00:08:48.309Z",1.09026,1.09033
"exness","EURUSD","2023-06-26 00:08:49.319Z",1.09026,1.09032
"exness","EURUSD","2023-06-26 00:08:53.828Z",1.09025,1.0903100000000001
"exness","EURUSD","2023-06-26 00:08:55.243Z",1.09025,1.09032
"exness","EURUSD","2023-06-26 00:08:57.802Z",1.09025,1.0903100000000001
"exness","EURUSD","2023-06-26 00:09:01.057Z",1.09026,1.09033
"exness","EURUSD","2023-06-26 00:09:02.176Z",1.09028,1.09034
"exness","EURUSD","2023-06-26 00:09:02.451Z",1.09029,1.09036
"exness","EURUSD","2023-06-26 00:09:03.610Z",1.0903,1.09036
"exness","EURUSD","2023-06-26 00:09:04.689Z",1.0903100000000001,1.09036
"exness","EURUSD","2023-06-26 00:09:05.607Z",1.09029,1.09035
"exness","EURUSD","2023-06-26 00:09:05.625Z",1.09027,1.09034
"exness","EURUSD","2023-06-26 00:09:05.686Z",1.09026,1.09032
"exness","EURUSD","2023-06-26 00:09:06.077Z",1.09026,1.0903100000000001
"exness","EURUSD","2023-06-26 00:09:06.414Z",1.09024,1.0903
"exness","EURUSD","2023-06-26 00:09:06.624Z",1.09023,1.09028
"exness","EURUSD","2023-06-26 00:09:09.600Z",1.09022,1.09028
"exness","EURUSD","2023-06-26 00:09:10.424Z",1.09024,1.0903
"exness","EURUSD","2023-06-26 00:09:10.449Z",1.09025,1.09032
"exness","EURUSD","2023-06-26 00:09:10.928Z",1.09025,1.0903
"exness","EURUSD","2023-06-26 00:09:11.933Z",1.09024,1.0903
"exness","EURUSD","2023-06-26 00:09:13.026Z",1.09023,1.09029
"exness","EURUSD","2023-06-26 00:09:14.218Z",1.09022,1.09028
"exness","EURUSD","2023-06-26 00:09:15.597Z",1.0902,1.09027
"exness","EURUSD","2023-06-26 00:09:15.620Z",1.09019,1.09025
"exness","EURUSD","2023-06-26 00:09:15.672Z",1.09017,1.09024
"exness","EURUSD","2023-06-26 00:09:15.685Z",1.09016,1.09022
"exness","EURUSD","2023-06-26 00:09:15.705Z",1.0901399999999999,1.0902
"exness","EURUSD","2023-06-26 00:09:15.743Z",1.09012,1.09018
"exness","EURUSD","2023-06-26 00:09:15.813Z",1.09011,1.09017
"exness","EURUSD","2023-06-26 00:09:15.849Z",1.09012,1.09017
"exness","EURUSD","2023-06-26 00:09:15.899Z",1.09013,1.09019
"exness","EURUSD","2023-06-26 00:09:17.163Z",1.09013,1.0902
"exness","EURUSD","2023-06-26 00:09:18.165Z",1.09013,1.09019
"exness","EURUSD","2023-06-26 00:09:22.153Z",1.09012,1.09019
"exness","EURUSD","2023-06-26 00:09:23.183Z",1.09012,1.09018
"exness","EURUSD","2023-06-26 00:09:25.513Z",1.0901399999999999,1.0902
"exness","EURUSD","2023-06-26 00:09:25.534Z",1.09015,1.09021
"exness","EURUSD","2023-06-26 00:09:27.740Z",1.09015,1.0902
"exness","EURUSD","2023-06-26 00:09:28.225Z",1.09016,1.09022
"exness","EURUSD","2023-06-26 00:09:28.380Z",1.09018,1.09024
"exness","EURUSD","2023-06-26 00:09:28.419Z",1.09019,1.09025
"exness","EURUSD","2023-06-26 00:09:28.625Z",1.09017,1.09024
"exness","EURUSD","2023-06-26 00:09:28.691Z",1.09016,1.09022
"exness","EURUSD","2023-06-26 00:09:29.852Z",1.09015,1.09022
"exness","EURUSD","2023-06-26 00:09:31.171Z",1.09016,1.09021
"exness","EURUSD","2023-06-26 00:09:33.738Z",1.0901399999999999,1.0902
"exness","EURUSD","2023-06-26 00:09:35.110Z",1.09013,1.0902
"exness","EURUSD","2023-06-26 00:09:38.655Z",1.0901399999999999,1.09021
"exness","EURUSD","2023-06-26 00:09:41.308Z",1.09016,1.09021
"exness","EURUSD","2023-06-26 00:09:41.328Z",1.09016,1.09022
"exness","EURUSD","2023-06-26 00:09:43.677Z",1.09017,1.09023
"exness","EURUSD","2023-06-26 00:09:44.779Z",1.09018,1.09023
"exness","EURUSD","2023-06-26 00:09:45.284Z",1.09016,1.09022
"exness","EURUSD","2023-06-26 00:09:47.234Z",1.09016,1.09021
"exness","EURUSD","2023-06-26 00:09:48.377Z",1.09015,1.09021
"exness","EURUSD","2023-06-26 00:09:50.815Z",1.0901399999999999,1.09021
"exness","EURUSD","2023-06-26 00:09:55.199Z",1.09016,1.09022
"exness","EURUSD","2023-06-26 00:09:56.326Z",1.09018,1.09024
"exness","EURUSD","2023-06-26 00:09:58.456Z",1.0902,1.09025
"exness","EURUSD","2023-06-26 00:09:58.674Z",1.0902,1.09027
"exness","EURUSD","2023-06-26 00:09:58.714Z",1.09022,1.09028
"exness","EURUSD","2023-06-26 00:10:00.274Z",1.09024,1.09029
"exness","EURUSD","2023-06-26 00:10:00.611Z",1.09024,1.0903
"exness","EURUSD","2023-06-26 00:10:01.679Z",1.09026,1.09032
"exness","EURUSD","2023-06-26 00:10:01.721Z",1.09027,1.09034
"exness","EURUSD","2023-06-26 00:10:01.878Z",1.09029,1.09034
"exness","EURUSD","2023-06-26 00:10:02.902Z",1.09029,1.09035
"exness","EURUSD","2023-06-26 00:10:06.741Z",1.09028,1.09034
"exness","EURUSD","2023-06-26 00:10:08.363Z",1.09026,1.09032
"exness","EURUSD","2023-06-26 00:10:08.752Z",1.09025,1.0903100000000001
"exness","EURUSD","2023-06-26 00:10:10.139Z",1.09026,1.0903100000000001
"exness","EURUSD","2023-06-26 00:10:10.192Z",1.09024,1.0903
"exness","EURUSD","2023-06-26 00:10:12.853Z",1.09023,1.0903
"exness","EURUSD","2023-06-26 00:10:13.726Z",1.09022,1.09028
"exness","EURUSD","2023-06-26 00:10:17.255Z",1.09023,1.09028
"exness","EURUSD","2023-06-26 00:10:21.224Z",1.09024,1.0903
"exness","EURUSD","2023-06-26 00:10:25.234Z",1.09025,1.0903
"exness","EURUSD","2023-06-26 00:10:25.443Z",1.09025,1.0903100000000001
"exness","EURUSD","2023-06-26 00:10:25.871Z",1.09027,1.09033
"exness","EURUSD","2023-06-26 00:10:28.964Z",1.09025,1.09032
"exness","EURUSD","2023-06-26 00:10:28.999Z",1.09024,1.0903
"exness","EURUSD","2023-06-26 00:10:30.072Z",1.09023,1.09029
"exness","EURUSD","2023-06-26 00:10:31.540Z",1.09024,1.0903
"exness","EURUSD","2023-06-26 00:10:32.892Z",1.09023,1.09029
"exness","EURUSD","2023-06-26 00:10:48.252Z",1.09024,1.0903100000000001
"exness","EURUSD","2023-06-26 00:10:48.301Z",1.09026,1.09032
"exness","EURUSD","2023-06-26 00:10:48.833Z",1.09028,1.09033
"exness","EURUSD","2023-06-26 00:10:49.025Z",1.09026,1.09032
"exness","EURUSD","2023-06-26 00:10:50.570Z",1.09026,1.0903100000000001
"exness","EURUSD","2023-06-26 00:10:51.626Z",1.09026,1.09032
"exness","EURUSD","2023-06-26 00:10:53.009Z",1.09026,1.09033
"exness","EURUSD","2023-06-26 00:10:53.091Z",1.09028,1.09034
"exness","EURUSD","2023-06-26 00:10:53.201Z",1.09026,1.09033
"exness","EURUSD","2023-06-26 00:10:54.451Z",1.09026,1.09032
"exness","EURUSD","2023-06-26 00:10:55.696Z",1.09027,1.09032
"exness","EURUSD","2023-06-26 00:11:00.761Z",1.09026,1.09032
"exness","EURUSD","2023-06-26 00:11:14.747Z",1.09024,1.0903100000000001
"exness","EURUSD","2023-06-26 00:11:17.732Z",1.09023,1.09029
"exness","EURUSD","2023-06-26 00:11:17.774Z",1.09022,1.09028
"exness","EURUSD","2023-06-26 00:11:18.434Z",1.09021,1.09026
"exness","EURUSD","2023-06-26 00:11:25.381Z",1.09022,1.09028
"exness","EURUSD","2023-06-26 00:11:25.393Z",1.09023,1.0903
"exness","EURUSD","2023-06-26 00:11:25.448Z",1.09025,1.0903100000000001
"exness","EURUSD","2023-06-26 00:11:27.584Z",1.09026,1.09032
"exness","EURUSD","2023-06-26 00:11:33.341Z",1.09026,1.0903100000000001
"exness","EURUSD","2023-06-26 00:11:34.908Z",1.09025,1.0903100000000001
"exness","EURUSD","2023-06-26 00:11:35.276Z",1.09023,1.0903
"exness","EURUSD","2023-06-26 00:11:36.572Z",1.09022,1.09029
"exness","EURUSD","2023-06-26 00:11:41.135Z",1.09023,1.09029
"exness","EURUSD","2023-06-26 00:11:44.176Z",1.09025,1.0903100000000001
"exness","EURUSD","2023-06-26 00:11:45.393Z",1.09025,1.09032
"exness","EURUSD","2023-06-26 00:11:47.089Z",1.09026,1.0903100000000001
"exness","EURUSD","2023-06-26 00:11:48.592Z",1.09026,1.09032
"exness","EURUSD","2023-06-26 00:11:49.606Z",1.09027,1.09033
"exness","EURUSD","2023-06-26 00:11:50.331Z",1.09026,1.0903100000000001
"exness","EURUSD","2023-06-26 00:11:51.391Z",1.09026,1.09032
"exness","EURUSD","2023-06-26 00:11:57.305Z",1.09024,1.0903100000000001
"exness","EURUSD","2023-06-26 00:11:58.339Z",1.09023,1.0903
"exness","EURUSD","2023-06-26 00:11:59.341Z",1.09024,1.09029
"exness","EURUSD","2023-06-26 00:12:01.239Z",1.09024,1.0903
"exness","EURUSD","2023-06-26 00:12:02.346Z",1.09023,1.09029
"exness","EURUSD","2023-06-26 00:12:04.355Z",1.09021,1.09027
"exness","EURUSD","2023-06-26 00:12:04.375Z",1.0902,1.09026
"exness","EURUSD","2023-06-26 00:12:05.213Z",1.09019,1.09024
"exness","EURUSD","2023-06-26 00:12:08.753Z",1.09018,1.09025
"exness","EURUSD","2023-06-26 00:12:12.304Z",1.09019,1.09025
"exness","EURUSD","2023-06-26 00:12:13.361Z",1.0902,1.09025
"exness","EURUSD","2023-06-26 00:12:15.619Z",1.09019,1.09025
"exness","EURUSD","2023-06-26 00:12:17.649Z",1.0902,1.09027
"exness","EURUSD","2023-06-26 00:12:18.223Z",1.09022,1.09028
"exness","EURUSD","2023-06-26 00:12:18.724Z",1.09024,1.0903
"exness","EURUSD","2023-06-26 00:12:18.748Z",1.09025,1.0903100000000001
"exness","EURUSD","2023-06-26 00:12:19.738Z",1.09026,1.09033
"exness","EURUSD","2023-06-26 00:12:20.769Z",1.09027,1.09033
"exness","EURUSD","2023-06-26 00:12:24.920Z",1.09028,1.09035
"exness","EURUSD","2023-06-26 00:12:24.979Z",1.09027,1.09033
"exness","EURUSD","2023-06-26 00:12:26.197Z",1.09027,1.09032
"exness","EURUSD","2023-06-26 00:12:29.456Z",1.09026,1.09033
"exness","EURUSD","2023-06-26 00:12:34.137Z",1.09025,1.0903100000000001
"exness","EURUSD","2023-06-26 00:12:34.653Z",1.09023,1.09029
"exness","EURUSD","2023-06-26 00:12:35.827Z",1.09023,1.0903
"exness","EURUSD","2023-06-26 00:12:38.827Z",1.09024,1.0903
"exness","EURUSD","2023-06-26 00:12:39.956Z",1.09024,1.09029
"exness","EURUSD","2023-06-26 00:12:40.329Z",1.09025,1.0903100000000001
"exness","EURUSD","2023-06-26 00:12:40.649Z",1.09026,1.0903100000000001
"exness","EURUSD","2023-06-26 00:12:41.994Z",1.09027,1.09032
"exness","EURUSD","2023-06-26 00:12:44.287Z",1.09025,1.0903100000000001
"exness","EURUSD","2023-06-26 00:12:44.302Z",1.09024,1.0903
"exness","EURUSD","2023-06-26 00:12:44.308Z",1.09022,1.09028
"exness","EURUSD","2023-06-26 00:12:44.361Z",1.09021,1.09027
"exness","EURUSD","2023-06-26 00:12:45.420Z",1.09019,1.09026
"exness","EURUSD","2023-06-26 00:12:48.021Z",1.09019,1.09025
"exness","EURUSD","2023-06-26 00:12:49.423Z",1.09019,1.09026
"exness","EURUSD","2023-06-26 00:12:50.652Z",1.09019,1.09025
"exness","EURUSD","2023-06-26 00:12:58.616Z",1.09018,1.09024
"exness","EURUSD","2023-06-26 00:12:59.372Z",1.09016,1.09022
"exness","EURUSD","2023-06-26 00:12:59.388Z",1.09015,1.09021
"exness","EURUSD","2023-06-26 00:12:59.439Z",1.09013,1.09019
"exness","EURUSD","2023-06-26 00:12:59.672Z",1.09015,1.0902
"exness","EURUSD","2023-06-26 00:12:59.680Z",1.09015,1.09021
"exness","EURUSD","2023-06-26 00:12:59.714Z",1.09017,1.09023
"exness","EURUSD","2023-06-26 00:13:00.584Z",1.09019,1.09024
"exness","EURUSD","2023-06-26 00:13:01.781Z",1.0902,1.09025
"exness","EURUSD","2023-06-26 00:13:03.225Z",1.09018,1.09024
"exness","EURUSD","2023-06-26 00:13:03.635Z",1.0902,1.09026
"exness","EURUSD","2023-06-26 00:13:03.822Z",1.09021,1.09026
"exness","EURUSD","2023-06-26 00:13:04.428Z",1.09022,1.09027
"exness","EURUSD","2023-06-26 00:13:04.456Z",1.09023,1.09029
"exness","EURUSD","2023-06-26 00:13:12.157Z",1.09025,1.0903100000000001
"exness","EURUSD","2023-06-26 00:13:12.190Z",1.09026,1.09032
"exness","EURUSD","2023-06-26 00:13:13.198Z",1.09027,1.09033
"exness","EURUSD","2023-06-26 00:13:14.350Z",1.09027,1.09032
"exness","EURUSD","2023-06-26 00:13:15.378Z",1.09027,1.09033
"exness","EURUSD","2023-06-26 00:13:18.567Z",1.09028,1.09034
"exness","EURUSD","2023-06-26 00:13:18.761Z",1.09028,1.09033
"exness","EURUSD","2023-06-26 00:13:19.816Z",1.09027,1.09032
"exness","EURUSD","2023-06-26 00:13:20.417Z",1.09025,1.0903100000000001
"exness","EURUSD","2023-06-26 00:13:21.155Z",1.09025,1.0903
"exness","EURUSD","2023-06-26 00:13:22.166Z",1.09024,1.0903100000000001
"exness","EURUSD","2023-06-26 00:13:23.177Z",1.09025,1.09032
"exness","EURUSD","2023-06-26 00:13:27.720Z",1.09026,1.09032
"exness","EURUSD","2023-06-26 00:13:32.290Z",1.09027,1.09032
"exness","EURUSD","2023-06-26 00:13:33.500Z",1.09026,1.09032
"exness","EURUSD","2023-06-26 00:13:34.054Z",1.09028,1.09033
"exness","EURUSD","2023-06-26 00:13:35.070Z",1.09027,1.09033
"exness","EURUSD","2023-06-26 00:13:36.114Z",1.09027,1.09034
"exness","EURUSD","2023-06-26 00:13:38.678Z",1.09027,1.09033
"exness","EURUSD","2023-06-26 00:13:41.772Z",1.09027,1.09034
"exness","EURUSD","2023-06-26 00:13:42.096Z",1.09029,1.09035
"exness","EURUSD","2023-06-26 00:13:42.106Z",1.0903,1.09037
"exness","EURUSD","2023-06-26 00:13:42.248Z",1.09032,1.09038
"exness","EURUSD","2023-06-26 00:13:43.301Z",1.09033,1.09038
"exness","EURUSD","2023-06-26 00:13:44.398Z",1.09032,1.09039
"exness","EURUSD","2023-06-26 00:13:50.186Z",1.09032,1.09038
"exness","EURUSD","2023-06-26 00:13:53.009Z",1.09032,1.09039
"exness","EURUSD","2023-06-26 00:13:54.081Z",1.09032,1.09038
"exness","EURUSD","2023-06-26 00:13:54.103Z",1.0903100000000001,1.09037
"exness","EURUSD","2023-06-26 00:13:55.281Z",1.0903,1.09036
"exness","EURUSD","2023-06-26 00:13:57.650Z",1.09029,1.09036
"exness","EURUSD","2023-06-26 00:13:58.471Z",1.09029,1.09034
"exness","EURUSD","2023-06-26 00:13:59.573Z",1.09029,1.09035
"exness","EURUSD","2023-06-26 00:14:02.172Z",1.0903100000000001,1.09037
"exness","EURUSD","2023-06-26 00:14:07.710Z",1.0903100000000001,1.09038
"exness","EURUSD","2023-06-26 00:14:08.770Z",1.09032,1.09037
"exness","EURUSD","2023-06-26 00:14:13.431Z",1.09032,1.09038
"exness","EURUSD","2023-06-26 00:14:16.943Z",1.0903100000000001,1.09037
"exness","EURUSD","2023-06-26 00:14:17.236Z",1.0903,1.09036
"exness","EURUSD","2023-06-26 00:14:17.417Z",1.09029,1.09034
"exness","EURUSD","2023-06-26 00:14:19.656Z",1.09028,1.09034
"exness","EURUSD","2023-06-26 00:14:19.794Z",1.09027,1.09032
"exness","EURUSD","2023-06-26 00:14:19.834Z",1.09027,1.09034
"exness","EURUSD","2023-06-26 00:14:20.928Z",1.09029,1.09035
"exness","EURUSD","2023-06-26 00:14:21.037Z",1.0903,1.09036
"exness","EURUSD","2023-06-26 00:14:23.470Z",1.0903100000000001,1.09037
"exness","EURUSD","2023-06-26 00:14:27.563Z",1.0903100000000001,1.09038
"exness","EURUSD","2023-06-26 00:14:33.070Z",1.0903100000000001,1.09037
"exness","EURUSD","2023-06-26 00:14:33.811Z",1.0903,1.09036
"exness","EURUSD","2023-06-26 00:14:34.952Z",1.09029,1.09035
"exness","EURUSD","2023-06-26 00:14:36.374Z",1.09029,1.09036
"exness","EURUSD","2023-06-26 00:14:39.481Z",1.0903,1.09035
"exness","EURUSD","2023-06-26 00:14:41.844Z",1.09029,1.09036
"exness","EURUSD","2023-06-26 00:14:51.522Z",1.09029,1.09034
"exness","EURUSD","2023-06-26 00:14:51.562Z",1.09027,1.09033
"exness","EURUSD","2023-06-26 00:14:52.562Z",1.09028,1.09034
"exness","EURUSD","2023-06-26 00:14:54.659Z",1.09027,1.09033
"exness","EURUSD","2023-06-26 00:14:56.782Z",1.09026,1.09032
"exness","EURUSD","2023-06-26 00:14:57.808Z",1.09024,1.0903
"exness","EURUSD","2023-06-26 00:14:58.430Z",1.09023,1.09029
"exness","EURUSD","2023-06-26 00:14:58.472Z",1.09021,1.09027
"exness","EURUSD","2023-06-26 00:14:58.588Z",1.0902,1.09026
"exness","EURUSD","2023-06-26 00:14:59.776Z",1.0902,1.09025
"exness","EURUSD","2023-06-26 00:14:59.881Z",1.09018,1.09024
"exness","EURUSD","2023-06-26 00:15:00.324Z",1.09017,1.09023
"exness","EURUSD","2023-06-26 00:15:01.108Z",1.09018,1.09023
"exness","EURUSD","2023-06-26 00:15:02.102Z",1.09016,1.09023
"exness","EURUSD","2023-06-26 00:15:03.126Z",1.09018,1.09023
"exness","EURUSD","2023-06-26 00:15:03.701Z",1.09018,1.09024
"exness","EURUSD","2023-06-26 00:15:04.088Z",1.0902,1.09025
"exness","EURUSD","2023-06-26 00:15:05.107Z",1.09019,1.09025
"exness","EURUSD","2023-06-26 00:15:06.729Z",1.09018,1.09025
"exness","EURUSD","2023-06-26 00:15:09.205Z",1.0902,1.09026
"exness","EURUSD","2023-06-26 00:15:09.591Z",1.09018,1.09025
"exness","EURUSD","2023-06-26 00:15:10.627Z",1.09019,1.09024
"exness","EURUSD","2023-06-26 00:15:11.366Z",1.09017,1.09023
"exness","EURUSD","2023-06-26 00:15:11.521Z",1.09015,1.09022
"exness","EURUSD","2023-06-26 00:15:12.566Z",1.09015,1.09021
"exness","EURUSD","2023-06-26 00:15:13.456Z",1.09016,1.09023
"exness","EURUSD","2023-06-26 00:15:14.507Z",1.09017,1.09023
"exness","EURUSD","2023-06-26 00:15:15.522Z",1.09018,1.09023
"exness","EURUSD","2023-06-26 00:15:16.525Z",1.09017,1.09023
"exness","EURUSD","2023-06-26 00:15:20.079Z",1.09018,1.09023
"exness","EURUSD","2023-06-26 00:15:23.554Z",1.09018,1.09025
"exness","EURUSD","2023-06-26 00:15:23.580Z",1.0902,1.09026
"exness","EURUSD","2023-06-26 00:15:23.803Z",1.09022,1.09028
"exness","EURUSD","2023-06-26 00:15:24.571Z",1.09023,1.09029
"exness","EURUSD","2023-06-26 00:15:24.637Z",1.09025,1.0903
"exness","EURUSD","2023-06-26 00:15:25.672Z",1.09024,1.0903100000000001
"exness","EURUSD","2023-06-26 00:15:26.709Z",1.09025,1.0903
"exness","EURUSD","2023-06-26 00:15:28.014Z",1.09024,1.0903100000000001
"exness","EURUSD","2023-06-26 00:15:30.217Z",1.09023,1.09029
"exness","EURUSD","2023-06-26 00:15:30.986Z",1.09025,1.0903
"exness","EURUSD","2023-06-26 00:15:32.160Z",1.09023,1.09029
"exness","EURUSD","2023-06-26 00:15:32.540Z",1.09021,1.09028
"exness","EURUSD","2023-06-26 00:15:33.399Z",1.09021,1.09026
"exness","EURUSD","2023-06-26 00:15:35.435Z",1.0902,1.09026
"exness","EURUSD","2023-06-26 00:15:39.892Z",1.09021,1.09028
"exness","EURUSD","2023-06-26 00:15:40.234Z",1.09023,1.09029
"exness","EURUSD","2023-06-26 00:15:40.283Z",1.09024,1.0903100000000001
"exness","EURUSD","2023-06-26 00:15:40.503Z",1.09026,1.09032
"exness","EURUSD","2023-06-26 00:15:41.538Z",1.09027,1.09033
"exness","EURUSD","2023-06-26 00:15:41.656Z",1.09025,1.0903100000000001
"exness","EURUSD","2023-06-26 00:15:43.753Z",1.09024,1.0903100000000001
"exness","EURUSD","2023-06-26 00:15:44.326Z",1.09026,1.09032
"exness","EURUSD","2023-06-26 00:15:44.371Z",1.09027,1.09034
"exness","EURUSD","2023-06-26 00:15:44.395Z",1.09029,1.09035
"exness","EURUSD","2023-06-26 00:15:44.409Z",1.0903100000000001,1.09037
"exness","EURUSD","2023-06-26 00:15:44.686Z",1.09032,1.09037
"exness","EURUSD","2023-06-26 00:15:44.714Z",1.09033,1.09039
"exness","EURUSD","2023-06-26 00:15:44.741Z",1.09034,1.0904
"exness","EURUSD","2023-06-26 00:15:44.997Z",1.09036,1.09042
"exness","EURUSD","2023-06-26 00:15:45.077Z",1.09038,1.09043
"exness","EURUSD","2023-06-26 00:15:47.366Z",1.09038,1.09044
"exness","EURUSD","2023-06-26 00:15:49.899Z",1.09038,1.09045
"exness","EURUSD","2023-06-26 00:15:50.898Z",1.09038,1.09044
"exness","EURUSD","2023-06-26 00:15:51.616Z",1.09039,1.09045
"exness","EURUSD","2023-06-26 00:15:51.691Z",1.09041,1.09047
"exness","EURUSD","2023-06-26 00:15:51.889Z",1.09043,1.09048
"exness","EURUSD","2023-06-26 00:15:52.200Z",1.09043,1.09049
"exness","EURUSD","2023-06-26 00:15:53.322Z",1.09044,1.0905
"exness","EURUSD","2023-06-26 00:15:54.324Z",1.09043,1.09049
"exness","EURUSD","2023-06-26 00:15:54.856Z",1.09043,1.09048
"exness","EURUSD","2023-06-26 00:15:55.713Z",1.09041,1.09048
"exness","EURUSD","2023-06-26 00:15:55.733Z",1.0904,1.09046
"exness","EURUSD","2023-06-26 00:15:56.790Z",1.09039,1.09045
"exness","EURUSD","2023-06-26 00:15:58.140Z",1.09038,1.09044
"exness","EURUSD","2023-06-26 00:16:02.492Z",1.09039,1.09045
"exness","EURUSD","2023-06-26 00:16:03.779Z",1.09039,1.09044
"exness","EURUSD","2023-06-26 00:16:07.776Z",1.09037,1.09043
"exness","EURUSD","2023-06-26 00:16:07.786Z",1.09035,1.09042
"exness","EURUSD","2023-06-26 00:16:07.839Z",1.09034,1.0904
"exness","EURUSD","2023-06-26 00:16:08.978Z",1.09033,1.09039
"exness","EURUSD","2023-06-26 00:16:10.074Z",1.09034,1.09039
"exness","EURUSD","2023-06-26 00:16:10.890Z",1.09034,1.0904
"exness","EURUSD","2023-06-26 00:16:11.021Z",1.09036,1.09042
"exness","EURUSD","2023-06-26 00:16:12.027Z",1.09034,1.09041
"exness","EURUSD","2023-06-26 00:16:13.144Z",1.09034,1.0904
"exness","EURUSD","2023-06-26 00:16:13.412Z",1.09033,1.09038
"exness","EURUSD","2023-06-26 00:16:16.999Z",1.09032,1.09038
"exness","EURUSD","2023-06-26 00:16:25.533Z",1.09033,1.09039
"exness","EURUSD","2023-06-26 00:16:27.803Z",1.09034,1.09039
"exness","EURUSD","2023-06-26 00:16:29.138Z",1.09033,1.09039
"exness","EURUSD","2023-06-26 00:16:29.344Z",1.0903100000000001,1.09037
"exness","EURUSD","2023-06-26 00:16:29.402Z",1.0903,1.09036
"exness","EURUSD","2023-06-26 00:16:29.843Z",1.09029,1.09034
"exness","EURUSD","2023-06-26 00:16:36.354Z",1.09028,1.09034
"exness","EURUSD","2023-06-26 00:16:43.748Z",1.09029,1.09035
"exness","EURUSD","2023-06-26 00:16:44.806Z",1.09029,1.09034
"exness","EURUSD","2023-06-26 00:16:47.903Z",1.09029,1.09035
"exness","EURUSD","2023-06-26 00:16:48.405Z",1.0903,1.09037
"exness","EURUSD","2023-06-26 00:16:48.631Z",1.09032,1.09038
"exness","EURUSD","2023-06-26 00:16:52.648Z",1.09032,1.09037
"exness","EURUSD","2023-06-26 00:16:52.725Z",1.0903,1.09037
"exness","EURUSD","2023-06-26 00:16:52.752Z",1.09029,1.09035
"exness","EURUSD","2023-06-26 00:16:53.799Z",1.09028,1.09034
"exness","EURUSD","2023-06-26 00:16:55.246Z",1.09029,1.09034
"exness","EURUSD","2023-06-26 00:16:58.845Z",1.09027,1.09033
"exness","EURUSD","2023-06-26 00:17:00.048Z",1.09027,1.09032
"exness","EURUSD","2023-06-26 00:17:01.749Z",1.09028,1.09033
"exness","EURUSD","2023-06-26 00:17:02.761Z",1.09027,1.09033
"exness","EURUSD","2023-06-26 00:17:03.875Z",1.09027,1.09034
"exness","EURUSD","2023-06-26 00:17:10.496Z",1.09026,1.09032
"exness","EURUSD","2023-06-26 00:17:10.831Z",1.09024,1.0903100000000001
"exness","EURUSD","2023-06-26 00:17:11.339Z",1.09024,1.09029
"exness","EURUSD","2023-06-26 00:17:13.866Z",1.09023,1.09029
"exness","EURUSD","2023-06-26 00:17:17.131Z",1.09023,1.0903
"exness","EURUSD","2023-06-26 00:17:18.285Z",1.09025,1.0903100000000001
"exness","EURUSD","2023-06-26 00:17:18.310Z",1.09026,1.09033
"exness","EURUSD","2023-06-26 00:17:19.612Z",1.09027,1.09034
"exness","EURUSD","2023-06-26 00:17:20.790Z",1.09027,1.09032
"exness","EURUSD","2023-06-26 00:17:21.430Z",1.09028,1.09034
"exness","EURUSD","2023-06-26 00:17:26.415Z",1.09027,1.09033
"exness","EURUSD","2023-06-26 00:17:31.000Z",1.09027,1.09032
"exness","EURUSD","2023-06-26 00:17:32.085Z",1.09026,1.09033
"exness","EURUSD","2023-06-26 00:17:35.135Z",1.09027,1.09033
"exness","EURUSD","2023-06-26 00:17:36.163Z",1.09028,1.09033
"exness","EURUSD","2023-06-26 00:17:40.634Z",1.09027,1.09033
"exness","EURUSD","2023-06-26 00:17:41.959Z",1.09028,1.09034
"exness","EURUSD","2023-06-26 00:17:44.028Z",1.09028,1.09033
"exness","EURUSD","2023-06-26 00:17:44.450Z",1.09027,1.09033
"exness","EURUSD","2023-06-26 00:17:44.485Z",1.09025,1.0903100000000001
"exness","EURUSD","2023-06-26 00:17:44.697Z",1.09024,1.0903
"exness","EURUSD","2023-06-26 00:17:48.792Z",1.09024,1.09029
"exness","EURUSD","2023-06-26 00:17:51.591Z",1.09023,1.09029
"exness","EURUSD","2023-06-26 00:17:56.677Z",1.09021,1.09027
"exness","EURUSD","2023-06-26 00:17:56.692Z",1.0902,1.09026
"exness","EURUSD","2023-06-26 00:17:57.796Z",1.0902,1.09025
"exness","EURUSD","2023-06-26 00:17:58.794Z",1.0902,1.09026
"exness","EURUSD","2023-06-26 00:17:58.904Z",1.09021,1.09028
"exness","EURUSD","2023-06-26 00:17:58.943Z",1.09021,1.09026
"exness","EURUSD","2023-06-26 00:18:00.128Z",1.0902,1.09025
"exness","EURUSD","2023-06-26 00:18:03.629Z",1.09019,1.09025
"exness","EURUSD","2023-06-26 00:18:06.049Z",1.09018,1.09024
"exness","EURUSD","2023-06-26 00:18:11.043Z",1.09016,1.09022
"exness","EURUSD","2023-06-26 00:18:11.489Z",1.09015,1.0902
"exness","EURUSD","2023-06-26 00:18:13.187Z",1.09016,1.09022
"exness","EURUSD","2023-06-26 00:18:13.241Z",1.09017,1.09024
"exness","EURUSD","2023-06-26 00:18:13.644Z",1.09019,1.09024
"exness","EURUSD","2023-06-26 00:18:14.986Z",1.09018,1.09024
"exness","EURUSD","2023-06-26 00:18:18.513Z",1.09019,1.09026
"exness","EURUSD","2023-06-26 00:18:20.324Z",1.09021,1.09026
"exness","EURUSD","2023-06-26 00:18:21.347Z",1.0902,1.09026
"exness","EURUSD","2023-06-26 00:18:24.637Z",1.09021,1.09026
"exness","EURUSD","2023-06-26 00:18:25.705Z",1.0902,1.09026
"exness","EURUSD","2023-06-26 00:18:27.527Z",1.09021,1.09028
"exness","EURUSD","2023-06-26 00:18:29.618Z",1.09022,1.09028
"exness","EURUSD","2023-06-26 00:18:30.701Z",1.09021,1.09027
"exness","EURUSD","2023-06-26 00:18:31.725Z",1.0902,1.09027
"exness","EURUSD","2023-06-26 00:18:32.797Z",1.09021,1.09026
"exness","EURUSD","2023-06-26 00:18:32.881Z",1.09022,1.09028
"exness","EURUSD","2023-06-26 00:18:33.883Z",1.0902,1.09026
"exness","EURUSD","2023-06-26 00:18:35.047Z",1.09021,1.09026
"exness","EURUSD","2023-06-26 00:18:36.619Z",1.09022,1.09028
"exness","EURUSD","2023-06-26 00:18:37.457Z",1.09023,1.09029
"exness","EURUSD","2023-06-26 00:18:37.502Z",1.09025,1.0903
"exness","EURUSD","2023-06-26 00:18:38.528Z",1.09024,1.0903
"exness","EURUSD","2023-06-26 00:18:39.873Z",1.09023,1.0903
"exness","EURUSD","2023-06-26 00:18:41.139Z",1.09023,1.09029
"exness","EURUSD","2023-06-26 00:18:44.635Z",1.09025,1.0903100000000001
"exness","EURUSD","2023-06-26 00:18:45.787Z",1.09026,1.0903100000000001
"exness","EURUSD","2023-06-26 00:18:46.175Z",1.09026,1.09032
"exness","EURUSD","2023-06-26 00:18:46.987Z",1.09028,1.09034
"exness","EURUSD","2023-06-26 00:18:49.017Z",1.09028,1.09035
"exness","EURUSD","2023-06-26 00:18:50.637Z",1.09027,1.09033
"exness","EURUSD","2023-06-26 00:18:51.798Z",1.09025,1.09032
"exness","EURUSD","2023-06-26 00:18:53.325Z",1.09026,1.0903100000000001
"exness","EURUSD","2023-06-26 00:18:55.423Z",1.09024,1.0903100000000001
"exness","EURUSD","2023-06-26 00:18:56.694Z",1.09024,1.0903
"exness","EURUSD","2023-06-26 00:18:57.547Z",1.09023,1.09029
"exness","EURUSD","2023-06-26 00:18:57.602Z",1.09021,1.09027
"exness","EURUSD","2023-06-26 00:19:03.111Z",1.09021,1.09026
"exness","EURUSD","2023-06-26 00:19:04.255Z",1.09021,1.09027
"exness","EURUSD","2023-06-26 00:19:15.939Z",1.09022,1.09028
"exness","EURUSD","2023-06-26 00:19:26.162Z",1.09024,1.0903
"exness","EURUSD","2023-06-26 00:19:26.387Z",1.09025,1.0903100000000001
"exness","EURUSD","2023-06-26 00:19:29.991Z",1.09025,1.09032
"exness","EURUSD","2023-06-26 00:19:37.161Z",1.09025,1.0903100000000001
"exness","EURUSD","2023-06-26 00:19:39.522Z",1.09027,1.09033
"exness","EURUSD","2023-06-26 00:19:40.286Z",1.09028,1.09033
"exness","EURUSD","2023-06-26 00:19:41.289Z",1.09027,1.09034
"exness","EURUSD","2023-06-26 00:19:41.316Z",1.09026,1.09032
"exness","EURUSD","2023-06-26 00:19:41.377Z",1.09024,1.0903100000000001
"exness","EURUSD","2023-06-26 00:19:42.193Z",1.09026,1.09032
"exness","EURUSD","2023-06-26 00:19:42.380Z",1.09028,1.09033
"exness","EURUSD","2023-06-26 00:19:43.780Z",1.09028,1.09034
"exness","EURUSD","2023-06-26 00:19:48.742Z",1.09029,1.09036
"exness","EURUSD","2023-06-26 00:19:49.884Z",1.0903,1.09036
"exness","EURUSD","2023-06-26 00:19:50.353Z",1.09028,1.09034
"exness","EURUSD","2023-06-26 00:19:51.215Z",1.0903,1.09036
"exness","EURUSD","2023-06-26 00:19:52.238Z",1.09029,1.09035
"exness","EURUSD","2023-06-26 00:19:54.472Z",1.0903,1.09035
"exness","EURUSD","2023-06-26 00:19:57.171Z",1.09029,1.09035
"exness","EURUSD","2023-06-26 00:20:00.973Z",1.0903,1.09036
"exness","EURUSD","2023-06-26 00:20:06.532Z",1.09029,1.09035
"exness","EURUSD","2023-06-26 00:20:08.006Z",1.09027,1.09034
"exness","EURUSD","2023-06-26 00:20:08.012Z",1.09026,1.09032
"exness","EURUSD","2023-06-26 00:20:08.037Z",1.09024,1.0903
"exness","EURUSD","2023-06-26 00:20:08.180Z",1.09023,1.09029
"exness","EURUSD","2023-06-26 00:20:08.192Z",1.09021,1.09027
"exness","EURUSD","2023-06-26 00:20:08.298Z",1.09023,1.09028
"exness","EURUSD","2023-06-26 00:20:09.213Z",1.09023,1.09029
"exness","EURUSD","2023-06-26 00:20:09.242Z",1.09025,1.0903100000000001
"exness","EURUSD","2023-06-26 00:20:10.423Z",1.09024,1.0903100000000001
"exness","EURUSD","2023-06-26 00:20:12.120Z",1.09024,1.0903
"exness","EURUSD","2023-06-26 00:20:16.147Z",1.09024,1.0903100000000001
"exness","EURUSD","2023-06-26 00:20:16.479Z",1.09026,1.09032
"exness","EURUSD","2023-06-26 00:20:16.496Z",1.09027,1.09034
"exness","EURUSD","2023-06-26 00:20:16.579Z",1.09029,1.09034
"exness","EURUSD","2023-06-26 00:20:16.613Z",1.0903,1.09036
"exness","EURUSD","2023-06-26 00:20:17.926Z",1.09029,1.09035
"exness","EURUSD","2023-06-26 00:20:18.463Z",1.0903,1.09037
"exness","EURUSD","2023-06-26 00:20:19.865Z",1.09029,1.09035
"exness","EURUSD","2023-06-26 00:20:20.500Z",1.09029,1.09034
"exness","EURUSD","2023-06-26 00:20:22.064Z",1.09029,1.09035
"exness","EURUSD","2023-06-26 00:20:23.359Z",1.0903,1.09036
"exness","EURUSD","2023-06-26 00:20:25.043Z",1.0903100000000001,1.09036
"exness","EURUSD","2023-06-26 00:20:28.286Z",1.0903100000000001,1.09037
"exness","EURUSD","2023-06-26 00:20:28.303Z",1.09033,1.09039
"exness","EURUSD","2023-06-26 00:20:29.510Z",1.09034,1.0904
"exness","EURUSD","2023-06-26 00:20:31.855Z",1.09035,1.0904
"exness","EURUSD","2023-06-26 00:20:32.999Z",1.09034,1.09041
"exness","EURUSD","2023-06-26 00:20:37.014Z",1.09035,1.09041
"exness","EURUSD","2023-06-26 00:20:37.132Z",1.09036,1.09042
"exness","EURUSD","2023-06-26 00:20:37.139Z",1.09038,1.09044
"exness","EURUSD","2023-06-26 00:20:37.160Z",1.09039,1.09045
"exness","EURUSD","2023-06-26 00:20:37.966Z",1.09041,1.09046
"exness","EURUSD","2023-06-26 00:20:38.702Z",1.09041,1.09047
"exness","EURUSD","2023-06-26 00:20:40.954Z",1.09042,1.09048
"exness","EURUSD","2023-06-26 00:20:42.026Z",1.09042,1.09049
"exness","EURUSD","2023-06-26 00:20:42.653Z",1.09041,1.09047
"exness","EURUSD","2023-06-26 00:20:42.680Z",1.09039,1.09045
"exness","EURUSD","2023-06-26 00:20:44.030Z",1.09038,1.09044
"exness","EURUSD","2023-06-26 00:20:45.035Z",1.09038,1.09043
"exness","EURUSD","2023-06-26 00:20:48.315Z",1.09038,1.09044
"exness","EURUSD","2023-06-26 00:20:48.565Z",1.09039,1.09046
"exness","EURUSD","2023-06-26 00:20:50.135Z",1.0904,1.09046
"exness","EURUSD","2023-06-26 00:21:00.174Z",1.09041,1.09047
"exness","EURUSD","2023-06-26 00:21:01.619Z",1.09043,1.09048
"exness","EURUSD","2023-06-26 00:21:20.257Z",1.09042,1.09048
"exness","EURUSD","2023-06-26 00:21:20.547Z",1.09041,1.09047
"exness","EURUSD","2023-06-26 00:21:20.567Z",1.09039,1.09045
"exness","EURUSD","2023-06-26 00:21:21.263Z",1.09038,1.09043
"exness","EURUSD","2023-06-26 00:21:23.040Z",1.09037,1.09043
"exness","EURUSD","2023-06-26 00:21:23.058Z",1.09035,1.09041
"exness","EURUSD","2023-06-26 00:21:23.436Z",1.09037,1.09042
"exness","EURUSD","2023-06-26 00:21:24.526Z",1.09036,1.09042
"exness","EURUSD","2023-06-26 00:21:26.001Z",1.09037,1.09043
"exness","EURUSD","2023-06-26 00:21:29.624Z",1.09037,1.09042
"exness","EURUSD","2023-06-26 00:21:30.481Z",1.09037,1.09043
"exness","EURUSD","2023-06-26 00:21:30.543Z",1.09038,1.09045
"exness","EURUSD","2023-06-26 00:21:31.649Z",1.09039,1.09045
"exness","EURUSD","2023-06-26 00:21:32.817Z",1.09038,1.09045
"exness","EURUSD","2023-06-26 00:21:33.916Z",1.09038,1.09044
"exness","EURUSD","2023-06-26 00:21:35.968Z",1.0904,1.09046
"exness","EURUSD","2023-06-26 00:21:35.982Z",1.09041,1.09047
"exness","EURUSD","2023-06-26 00:21:36.161Z",1.09041,1.09046
"exness","EURUSD","2023-06-26 00:21:37.200Z",1.0904,1.09045
"exness","EURUSD","2023-06-26 00:21:37.268Z",1.09039,1.09045
"exness","EURUSD","2023-06-26 00:21:38.681Z",1.09038,1.09044
"exness","EURUSD","2023-06-26 00:21:38.998Z",1.09036,1.09042
"exness","EURUSD","2023-06-26 00:21:40.300Z",1.09037,1.09043
"exness","EURUSD","2023-06-26 00:21:41.001Z",1.09038,1.09043
"exness","EURUSD","2023-06-26 00:21:42.237Z",1.09038,1.09044
"exness","EURUSD","2023-06-26 00:21:42.283Z",1.0904,1.09046
"exness","EURUSD","2023-06-26 00:21:43.293Z",1.09041,1.09046
"exness","EURUSD","2023-06-26 00:21:47.144Z",1.0904,1.09045
"exness","EURUSD","2023-06-26 00:21:47.874Z",1.09039,1.09045
"exness","EURUSD","2023-06-26 00:21:48.176Z",1.0904,1.09045
"exness","EURUSD","2023-06-26 00:21:50.314Z",1.09041,1.09046
"exness","EURUSD","2023-06-26 00:21:57.169Z",1.09039,1.09045
"exness","EURUSD","2023-06-26 00:21:58.170Z",1.09037,1.09044
"exness","EURUSD","2023-06-26 00:22:00.242Z",1.09038,1.09043
"exness","EURUSD","2023-06-26 00:22:00.660Z",1.09039,1.09045
"exness","EURUSD","2023-06-26 00:22:01.890Z",1.09039,1.09044
"exness","EURUSD","2023-06-26 00:22:02.896Z",1.09037,1.09044
"exness","EURUSD","2023-06-26 00:22:03.908Z",1.09037,1.09043
"exness","EURUSD","2023-06-26 00:22:10.436Z",1.09037,1.09042
"exness","EURUSD","2023-06-26 00:22:11.664Z",1.09036,1.09042
"exness","EURUSD","2023-06-26 00:22:12.674Z",1.09037,1.09042
"exness","EURUSD","2023-06-26 00:22:17.861Z",1.09035,1.09041
"exness","EURUSD","2023-06-26 00:22:17.952Z",1.09033,1.0904
"exness","EURUSD","2023-06-26 00:22:19.154Z",1.09033,1.09039
"exness","EURUSD","2023-06-26 00:22:22.092Z",1.09032,1.09038
"exness","EURUSD","2023-06-26 00:22:25.463Z",1.09032,1.09039
"exness","EURUSD","2023-06-26 00:22:26.602Z",1.09033,1.09039
"exness","EURUSD","2023-06-26 00:22:40.137Z",1.09034,1.09041
"exness","EURUSD","2023-06-26 00:22:40.204Z",1.09036,1.09042
"exness","EURUSD","2023-06-26 00:22:40.887Z",1.09038,1.09043
"exness","EURUSD","2023-06-26 00:22:43.261Z",1.09037,1.09044
"exness","EURUSD","2023-06-26 00:22:44.320Z",1.09037,1.09043
"exness","EURUSD","2023-06-26 00:22:45.319Z",1.09037,1.09044
"exness","EURUSD","2023-06-26 00:22:50.904Z",1.09037,1.09043
"exness","EURUSD","2023-06-26 00:22:53.633Z",1.09038,1.09044
"exness","EURUSD","2023-06-26 00:22:54.891Z",1.09038,1.09043
"exness","EURUSD","2023-06-26 00:22:56.219Z",1.09038,1.09044
"exness","EURUSD","2023-06-26 00:22:57.520Z",1.09039,1.09045
"exness","EURUSD","2023-06-26 00:22:58.654Z",1.09039,1.09044
"exness","EURUSD","2023-06-26 00:23:00.831Z",1.0904,1.09046
"exness","EURUSD","2023-06-26 00:23:00.847Z",1.09041,1.09047
"exness","EURUSD","2023-06-26 00:23:01.521Z",1.09043,1.09048
"exness","EURUSD","2023-06-26 00:23:02.534Z",1.09042,1.09049
"exness","EURUSD","2023-06-26 00:23:03.635Z",1.09043,1.09049
"exness","EURUSD","2023-06-26 00:23:04.837Z",1.09043,1.09048
"exness","EURUSD","2023-06-26 00:23:05.858Z",1.09042,1.09049
"exness","EURUSD","2023-06-26 00:23:11.860Z",1.09044,1.0905
"exness","EURUSD","2023-06-26 00:23:12.917Z",1.09045,1.09051
"exness","EURUSD","2023-06-26 00:23:13.959Z",1.09044,1.0905
"exness","EURUSD","2023-06-26 00:23:14.997Z",1.09045,1.09051
"exness","EURUSD","2023-06-26 00:23:15.444Z",1.09046,1.09052
"exness","EURUSD","2023-06-26 00:23:16.348Z",1.09048,1.09053
"exness","EURUSD","2023-06-26 00:23:18.811Z",1.09047,1.09054
"exness","EURUSD","2023-06-26 00:23:19.827Z",1.09047,1.09053
"exness","EURUSD","2023-06-26 00:23:21.894Z",1.09047,1.09054
"exness","EURUSD","2023-06-26 00:23:25.041Z",1.09048,1.09054
"exness","EURUSD","2023-06-26 00:23:38.362Z",1.09046,1.09052
"exness","EURUSD","2023-06-26 00:23:40.267Z",1.09047,1.09053
"exness","EURUSD","2023-06-26 00:23:41.301Z",1.09048,1.09054
"exness","EURUSD","2023-06-26 00:23:42.573Z",1.09048,1.09053
"exness","EURUSD","2023-06-26 00:23:44.875Z",1.09048,1.09054
"exness","EURUSD","2023-06-26 00:23:51.117Z",1.09047,1.09054
"exness","EURUSD","2023-06-26 00:23:52.198Z",1.09046,1.09052
"exness","EURUSD","2023-06-26 00:23:53.245Z",1.09047,1.09053
"exness","EURUSD","2023-06-26 00:23:54.267Z",1.09048,1.09053
"exness","EURUSD","2023-06-26 00:23:56.297Z",1.09047,1.09054
"exness","EURUSD","2023-06-26 00:23:58.889Z",1.09048,1.09054
"exness","EURUSD","2023-06-26 00:24:05.241Z",1.09049,1.09055
"exness","EURUSD","2023-06-26 00:24:05.277Z",1.09051,1.09057
"exness","EURUSD","2023-06-26 00:24:05.294Z",1.09052,1.09058
"exness","EURUSD","2023-06-26 00:24:05.403Z",1.09051,1.09057
"exness","EURUSD","2023-06-26 00:24:06.501Z",1.09051,1.09056
"exness","EURUSD","2023-06-26 00:24:08.610Z",1.09051,1.09057
"exness","EURUSD","2023-06-26 00:24:08.773Z",1.09053,1.09058
"exness","EURUSD","2023-06-26 00:24:08.990Z",1.09053,1.09059
"exness","EURUSD","2023-06-26 00:24:09.873Z",1.09055,1.0906
"exness","EURUSD","2023-06-26 00:24:11.024Z",1.09055,1.09061
"exness","EURUSD","2023-06-26 00:24:13.645Z",1.09055,1.0906
"exness","EURUSD","2023-06-26 00:24:15.871Z",1.09055,1.09061
"exness","EURUSD","2023-06-26 00:24:22.089Z",1.09056,1.09063
"exness","EURUSD","2023-06-26 00:24:22.101Z",1.09058,1.09064
"exness","EURUSD","2023-06-26 00:24:22.181Z",1.0906,1.09066
"exness","EURUSD","2023-06-26 00:24:22.213Z",1.09061,1.09067
"exness","EURUSD","2023-06-26 00:24:22.805Z",1.09063,1.09068
"exness","EURUSD","2023-06-26 00:24:23.876Z",1.09062,1.09069
"exness","EURUSD","2023-06-26 00:24:23.908Z",1.09061,1.09067
"exness","EURUSD","2023-06-26 00:24:24.060Z",1.0906,1.09065
"exness","EURUSD","2023-06-26 00:24:27.362Z",1.09059,1.09065
"exness","EURUSD","2023-06-26 00:24:28.798Z",1.09058,1.09064
"exness","EURUSD","2023-06-26 00:24:29.812Z",1.09059,1.09064
"exness","EURUSD","2023-06-26 00:24:31.840Z",1.09058,1.09063
"exness","EURUSD","2023-06-26 00:24:33.123Z",1.09059,1.09065
"exness","EURUSD","2023-06-26 00:24:34.311Z",1.09058,1.09064
"exness","EURUSD","2023-06-26 00:24:35.714Z",1.09056,1.09062
"exness","EURUSD","2023-06-26 00:24:35.764Z",1.09055,1.09061
"exness","EURUSD","2023-06-26 00:24:36.488Z",1.09056,1.09061
"exness","EURUSD","2023-06-26 00:24:39.776Z",1.09056,1.09063
"exness","EURUSD","2023-06-26 00:24:40.296Z",1.09056,1.09061
"exness","EURUSD","2023-06-26 00:24:43.133Z",1.09055,1.09061
"exness","EURUSD","2023-06-26 00:24:43.248Z",1.09053,1.0906
"exness","EURUSD","2023-06-26 00:24:43.571Z",1.09053,1.09058
"exness","EURUSD","2023-06-26 00:24:43.579Z",1.09051,1.09057
"exness","EURUSD","2023-06-26 00:24:43.618Z",1.09051,1.09056
"exness","EURUSD","2023-06-26 00:24:44.652Z",1.09051,1.09057
"exness","EURUSD","2023-06-26 00:24:44.820Z",1.09053,1.09058
"exness","EURUSD","2023-06-26 00:24:47.628Z",1.09052,1.09057
"exness","EURUSD","2023-06-26 00:24:48.556Z",1.09053,1.09059
"exness","EURUSD","2023-06-26 00:24:48.602Z",1.09054,1.09061
"exness","EURUSD","2023-06-26 00:24:48.632Z",1.09056,1.09062
"exness","EURUSD","2023-06-26 00:24:50.835Z",1.09057,1.09063
"exness","EURUSD","2023-06-26 00:24:51.899Z",1.09057,1.09062
"exness","EURUSD","2023-06-26 00:24:52.955Z",1.09057,1.09064
"exness","EURUSD","2023-06-26 00:24:54.166Z",1.09059,1.09065
"exness","EURUSD","2023-06-26 00:24:54.401Z",1.0906,1.09065
"exness","EURUSD","2023-06-26 00:24:55.534Z",1.09061,1.09066
"exness","EURUSD","2023-06-26 00:24:57.741Z",1.09059,1.09065
"exness","EURUSD","2023-06-26 00:25:00.510Z",1.0906,1.09065
"exness","EURUSD","2023-06-26 00:25:02.575Z",1.0906,1.09066
"exness","EURUSD","2023-06-26 00:25:05.596Z",1.09059,1.09065
"exness","EURUSD","2023-06-26 00:25:05.765Z",1.09057,1.09063
"exness","EURUSD","2023-06-26 00:25:08.738Z",1.09057,1.09062
"exness","EURUSD","2023-06-26 00:25:10.292Z",1.09057,1.09063
"exness","EURUSD","2023-06-26 00:25:10.927Z",1.09057,1.09062
"exness","EURUSD","2023-06-26 00:25:11.929Z",1.09057,1.09063
"exness","EURUSD","2023-06-26 00:25:13.104Z",1.09058,1.09063
"exness","EURUSD","2023-06-26 00:25:15.797Z",1.09057,1.09063
"exness","EURUSD","2023-06-26 00:25:16.864Z",1.09058,1.09064
"exness","EURUSD","2023-06-26 00:25:17.932Z",1.09057,1.09063
"exness","EURUSD","2023-06-26 00:25:18.966Z",1.09058,1.09063
"exness","EURUSD","2023-06-26 00:25:21.601Z",1.09057,1.09064
"exness","EURUSD","2023-06-26 00:25:21.960Z",1.09059,1.09065
"exness","EURUSD","2023-06-26 00:25:28.274Z",1.09059,1.09066
"exness","EURUSD","2023-06-26 00:25:29.544Z",1.0906,1.09065
"exness","EURUSD","2023-06-26 00:25:30.801Z",1.09059,1.09065
"exness","EURUSD","2023-06-26 00:25:40.073Z",1.09058,1.09064
"exness","EURUSD","2023-06-26 00:25:40.389Z",1.09057,1.09063
"exness","EURUSD","2023-06-26 00:25:41.412Z",1.09055,1.09061
"exness","EURUSD","2023-06-26 00:25:45.003Z",1.09056,1.09061
"exness","EURUSD","2023-06-26 00:25:45.040Z",1.09054,1.0906
"exness","EURUSD","2023-06-26 00:25:46.168Z",1.09053,1.09059
"exness","EURUSD","2023-06-26 00:25:58.389Z",1.09054,1.0906
"exness","EURUSD","2023-06-26 00:25:59.236Z",1.09056,1.09062
"exness","EURUSD","2023-06-26 00:26:00.309Z",1.09057,1.09063
"exness","EURUSD","2023-06-26 00:26:02.346Z",1.09058,1.09063
"exness","EURUSD","2023-06-26 00:26:07.661Z",1.09057,1.09063
"exness","EURUSD","2023-06-26 00:26:08.974Z",1.09059,1.09065
"exness","EURUSD","2023-06-26 00:26:09.792Z",1.09059,1.09064
"exness","EURUSD","2023-06-26 00:26:11.097Z",1.09057,1.09064
"exness","EURUSD","2023-06-26 00:26:12.140Z",1.09057,1.09063
"exness","EURUSD","2023-06-26 00:26:14.595Z",1.09058,1.09063
"exness","EURUSD","2023-06-26 00:26:17.013Z",1.09057,1.09063
"exness","EURUSD","2023-06-26 00:26:19.040Z",1.09057,1.09064
"exness","EURUSD","2023-06-26 00:26:21.265Z",1.09058,1.09064
"exness","EURUSD","2023-06-26 00:26:28.735Z",1.09057,1.09063
"exness","EURUSD","2023-06-26 00:26:29.751Z",1.09058,1.09063
"exness","EURUSD","2023-06-26 00:26:31.225Z",1.09057,1.09063
"exness","EURUSD","2023-06-26 00:26:33.319Z",1.09057,1.09064
"exness","EURUSD","2023-06-26 00:26:34.845Z",1.09058,1.09064
"exness","EURUSD","2023-06-26 00:26:35.853Z",1.09057,1.09063
"exness","EURUSD","2023-06-26 00:26:41.404Z",1.09055,1.09061
"exness","EURUSD","2023-06-26 00:26:42.609Z",1.09055,1.0906
"exness","EURUSD","2023-06-26 00:26:46.772Z",1.09055,1.09061
"exness","EURUSD","2023-06-26 00:26:47.794Z",1.09054,1.09061
"exness","EURUSD","2023-06-26 00:26:49.350Z",1.09056,1.09062
"exness","EURUSD","2023-06-26 00:26:50.104Z",1.09056,1.09061
"exness","EURUSD","2023-06-26 00:26:50.942Z",1.09054,1.09061
"exness","EURUSD","2023-06-26 00:26:51.806Z",1.09054,1.09059
"exness","EURUSD","2023-06-26 00:26:52.810Z",1.09053,1.09059
"exness","EURUSD","2023-06-26 00:26:54.872Z",1.09054,1.0906
"exness","EURUSD","2023-06-26 00:26:55.929Z",1.09054,1.09061
"exness","EURUSD","2023-06-26 00:26:58.096Z",1.09055,1.09061
"exness","EURUSD","2023-06-26 00:27:01.563Z",1.09053,1.0906
"exness","EURUSD","2023-06-26 00:27:01.924Z",1.09052,1.09058
"exness","EURUSD","2023-06-26 00:27:03.342Z",1.09051,1.09056
"exness","EURUSD","2023-06-26 00:27:04.433Z",1.09051,1.09058
"exness","EURUSD","2023-06-26 00:27:08.313Z",1.09052,1.09059
"exness","EURUSD","2023-06-26 00:27:10.052Z",1.09051,1.09057
"exness","EURUSD","2023-06-26 00:27:11.094Z",1.09051,1.09056
"exness","EURUSD","2023-06-26 00:27:23.050Z",1.09052,1.09058
"exness","EURUSD","2023-06-26 00:27:24.392Z",1.09053,1.09059
"exness","EURUSD","2023-06-26 00:27:32.187Z",1.09052,1.09059
"exness","EURUSD","2023-06-26 00:27:32.210Z",1.09051,1.09057
"exness","EURUSD","2023-06-26 00:27:32.250Z",1.09049,1.09056
"exness","EURUSD","2023-06-26 00:27:32.432Z",1.09051,1.09056
"exness","EURUSD","2023-06-26 00:27:33.074Z",1.09051,1.09058
"exness","EURUSD","2023-06-26 00:27:34.325Z",1.09052,1.09058
"exness","EURUSD","2023-06-26 00:27:38.830Z",1.09052,1.09059
"exness","EURUSD","2023-06-26 00:27:43.983Z",1.09051,1.09057
"exness","EURUSD","2023-06-26 00:27:45.167Z",1.0905,1.09056
"exness","EURUSD","2023-06-26 00:27:47.424Z",1.0905,1.09055
"exness","EURUSD","2023-06-26 00:27:49.412Z",1.09049,1.09055
"exness","EURUSD","2023-06-26 00:27:50.956Z",1.09048,1.09055
"exness","EURUSD","2023-06-26 00:27:54.319Z",1.09048,1.09054
"exness","EURUSD","2023-06-26 00:27:59.126Z",1.09047,1.09052
"exness","EURUSD","2023-06-26 00:28:00.127Z",1.09047,1.09053
"exness","EURUSD","2023-06-26 00:28:03.053Z",1.09048,1.09053
"exness","EURUSD","2023-06-26 00:28:06.331Z",1.09048,1.09054
"exness","EURUSD","2023-06-26 00:28:08.563Z",1.09048,1.09055
"exness","EURUSD","2023-06-26 00:28:08.857Z",1.0905,1.09055
"exness","EURUSD","2023-06-26 00:28:10.019Z",1.09049,1.09055
"exness","EURUSD","2023-06-26 00:28:12.107Z",1.09048,1.09054
"exness","EURUSD","2023-06-26 00:28:13.121Z",1.09048,1.09053
"exness","EURUSD","2023-06-26 00:28:14.139Z",1.09049,1.09054
"exness","EURUSD","2023-06-26 00:28:17.851Z",1.09047,1.09053
"exness","EURUSD","2023-06-26 00:28:21.201Z",1.09047,1.09052
"exness","EURUSD","2023-06-26 00:28:22.203Z",1.09047,1.09054
"exness","EURUSD","2023-06-26 00:28:24.305Z",1.09048,1.09053
"exness","EURUSD","2023-06-26 00:28:25.761Z",1.09047,1.09054
"exness","EURUSD","2023-06-26 00:28:27.347Z",1.09048,1.09054
"exness","EURUSD","2023-06-26 00:28:31.835Z",1.0905,1.09056
"exness","EURUSD","2023-06-26 00:28:32.844Z",1.0905,1.09057
"exness","EURUSD","2023-06-26 00:28:34.061Z",1.09051,1.09057
"exness","EURUSD","2023-06-26 00:28:34.799Z",1.0905,1.09055
"exness","EURUSD","2023-06-26 00:28:35.561Z",1.09048,1.09055
"exness","EURUSD","2023-06-26 00:28:35.597Z",1.09048,1.09053
"exness","EURUSD","2023-06-26 00:28:36.708Z",1.09047,1.09054
"exness","EURUSD","2023-06-26 00:28:39.187Z",1.09048,1.09054
"exness","EURUSD","2023-06-26 00:28:40.200Z",1.09047,1.09054
"exness","EURUSD","2023-06-26 00:28:41.215Z",1.09046,1.09053
"exness","EURUSD","2023-06-26 00:28:43.429Z",1.09047,1.09053
"exness","EURUSD","2023-06-26 00:28:47.530Z",1.09046,1.09052
"exness","EURUSD","2023-06-26 00:28:47.586Z",1.09044,1.0905
"exness","EURUSD","2023-06-26 00:28:48.524Z",1.09044,1.09049
"exness","EURUSD","2023-06-26 00:28:50.006Z",1.09043,1.09049
"exness","EURUSD","2023-06-26 00:28:53.886Z",1.09042,1.09049
"exness","EURUSD","2023-06-26 00:28:54.949Z",1.09043,1.09049
"exness","EURUSD","2023-06-26 00:28:54.993Z",1.09044,1.09051
"exness","EURUSD","2023-06-26 00:28:56.062Z",1.09045,1.09051
"exness","EURUSD","2023-06-26 00:29:00.766Z",1.09046,1.09053
"exness","EURUSD","2023-06-26 00:29:00.783Z",1.09048,1.09053
"exness","EURUSD","2023-06-26 00:29:01.192Z",1.09048,1.09054
"exness","EURUSD","2023-06-26 00:29:01.320Z",1.0905,1.09055
"exness","EURUSD","2023-06-26 00:29:04.314Z",1.09049,1.09055
"exness","EURUSD","2023-06-26 00:29:04.349Z",1.09048,1.09053
"exness","EURUSD","2023-06-26 00:29:05.766Z",1.09048,1.09054
"exness","EURUSD","2023-06-26 00:29:10.363Z",1.09048,1.09055
"exness","EURUSD","2023-06-26 00:29:11.372Z",1.09048,1.09054
"exness","EURUSD","2023-06-26 00:29:13.290Z",1.09046,1.09052
"exness","EURUSD","2023-06-26 00:29:14.311Z",1.09045,1.09052
"exness","EURUSD","2023-06-26 00:29:14.645Z",1.09047,1.09053
"exness","EURUSD","2023-06-26 00:29:14.856Z",1.09048,1.09053
"exness","EURUSD","2023-06-26 00:29:16.678Z",1.09049,1.09054
"exness","EURUSD","2023-06-26 00:29:17.735Z",1.09048,1.09055
"exness","EURUSD","2023-06-26 00:29:19.244Z",1.09049,1.09055
"exness","EURUSD","2023-06-26 00:29:19.550Z",1.09049,1.09054
"exness","EURUSD","2023-06-26 00:29:19.840Z",1.09047,1.09053
"exness","EURUSD","2023-06-26 00:29:22.182Z",1.09049,1.09055
"exness","EURUSD","2023-06-26 00:29:25.500Z",1.09051,1.09057
"exness","EURUSD","2023-06-26 00:29:26.258Z",1.09052,1.09057
"exness","EURUSD","2023-06-26 00:29:26.803Z",1.09051,1.09057
"exness","EURUSD","2023-06-26 00:29:27.876Z",1.0905,1.09056
"exness","EURUSD","2023-06-26 00:29:35.202Z",1.09048,1.09055
"exness","EURUSD","2023-06-26 00:29:36.435Z",1.09047,1.09054
"exness","EURUSD","2023-06-26 00:29:39.057Z",1.09047,1.09053
"exness","EURUSD","2023-06-26 00:29:40.066Z",1.09047,1.09054
"exness","EURUSD","2023-06-26 00:29:41.071Z",1.09048,1.09054
"exness","EURUSD","2023-06-26 00:29:41.250Z",1.09049,1.09055
"exness","EURUSD","2023-06-26 00:29:41.502Z",1.09051,1.09056
"exness","EURUSD","2023-06-26 00:29:42.715Z",1.0905,1.09055
"exness","EURUSD","2023-06-26 00:29:44.875Z",1.09049,1.09056
"exness","EURUSD","2023-06-26 00:29:45.946Z",1.09049,1.09055
"exness","EURUSD","2023-06-26 00:29:46.999Z",1.09049,1.09054
"exness","EURUSD","2023-06-26 00:29:48.120Z",1.09048,1.09055
"exness","EURUSD","2023-06-26 00:29:49.116Z",1.0905,1.09055
"exness","EURUSD","2023-06-26 00:29:50.140Z",1.09049,1.09056
"exness","EURUSD","2023-06-26 00:29:51.437Z",1.09049,1.09055
"exness","EURUSD","2023-06-26 00:29:53.479Z",1.09048,1.09055
"exness","EURUSD","2023-06-26 00:29:54.536Z",1.09049,1.09054
"exness","EURUSD","2023-06-26 00:29:55.152Z",1.09049,1.09056
"exness","EURUSD","2023-06-26 00:29:56.198Z",1.0905,1.09056
"exness","EURUSD","2023-06-26 00:30:02.718Z",1.09052,1.09058
"exness","EURUSD","2023-06-26 00:30:04.475Z",1.0905,1.09057
"exness","EURUSD","2023-06-26 00:30:05.020Z",1.0905,1.09055
"exness","EURUSD","2023-06-26 00:30:06.046Z",1.09049,1.09056
"exness","EURUSD","2023-06-26 00:30:06.556Z",1.09048,1.09054
"exness","EURUSD","2023-06-26 00:30:07.924Z",1.09048,1.09055
"exness","EURUSD","2023-06-26 00:30:08.987Z",1.09048,1.09054
"exness","EURUSD","2023-06-26 00:30:10.159Z",1.09048,1.09053
"exness","EURUSD","2023-06-26 00:30:11.649Z",1.09047,1.09054
"exness","EURUSD","2023-06-26 00:30:12.898Z",1.09048,1.09054
"exness","EURUSD","2023-06-26 00:30:16.520Z",1.09047,1.09054
"exness","EURUSD","2023-06-26 00:30:17.759Z",1.09048,1.09054
"exness","EURUSD","2023-06-26 00:30:20.280Z",1.09048,1.09055
"exness","EURUSD","2023-06-26 00:30:21.764Z",1.09049,1.09055
"exness","EURUSD","2023-06-26 00:30:23.110Z",1.09049,1.09054
"exness","EURUSD","2023-06-26 00:30:23.652Z",1.0905,1.09056
"exness","EURUSD","2023-06-26 00:30:25.434Z",1.09049,1.09054
"exness","EURUSD","2023-06-26 00:30:27.401Z",1.09048,1.09054
"exness","EURUSD","2023-06-26 00:30:27.618Z",1.09047,1.09052
"exness","EURUSD","2023-06-26 00:30:28.633Z",1.09047,1.09053
"exness","EURUSD","2023-06-26 00:30:29.318Z",1.09047,1.09052
"exness","EURUSD","2023-06-26 00:30:29.412Z",1.09045,1.09051
"exness","EURUSD","2023-06-26 00:30:29.805Z",1.09045,1.0905
"exness","EURUSD","2023-06-26 00:30:30.832Z",1.09045,1.09051
"exness","EURUSD","2023-06-26 00:30:37.839Z",1.09047,1.09053
"exness","EURUSD","2023-06-26 00:30:39.659Z",1.09049,1.09055
"exness","EURUSD","2023-06-26 00:30:40.702Z",1.0905,1.09055
"exness","EURUSD","2023-06-26 00:30:41.666Z",1.09048,1.09054
"exness","EURUSD","2023-06-26 00:30:41.704Z",1.09046,1.09053
"exness","EURUSD","2023-06-26 00:30:42.364Z",1.09046,1.09051
"exness","EURUSD","2023-06-26 00:30:43.052Z",1.09044,1.0905
"exness","EURUSD","2023-06-26 00:30:43.729Z",1.09046,1.09052
"exness","EURUSD","2023-06-26 00:30:44.739Z",1.09047,1.09053
"exness","EURUSD","2023-06-26 00:30:45.704Z",1.09045,1.09051
"exness","EURUSD","2023-06-26 00:30:48.147Z",1.09045,1.0905
"exness","EURUSD","2023-06-26 00:30:50.559Z",1.09043,1.09049
"exness","EURUSD","2023-06-26 00:30:53.084Z",1.09044,1.09051
"exness","EURUSD","2023-06-26 00:30:53.780Z",1.09044,1.09049
"exness","EURUSD","2023-06-26 00:30:55.534Z",1.09042,1.09049
"exness","EURUSD","2023-06-26 00:30:55.854Z",1.09041,1.09047
"exness","EURUSD","2023-06-26 00:30:57.134Z",1.09039,1.09046
"exness","EURUSD","2023-06-26 00:30:58.196Z",1.0904,1.09046
"exness","EURUSD","2023-06-26 00:31:02.795Z",1.0904,1.09047
"exness","EURUSD","2023-06-26 00:31:02.871Z",1.09042,1.09048
"exness","EURUSD","2023-06-26 00:31:03.003Z",1.09044,1.0905
"exness","EURUSD","2023-06-26 00:31:03.757Z",1.09045,1.09051
"exness","EURUSD","2023-06-26 00:31:04.994Z",1.09046,1.09052
"exness","EURUSD","2023-06-26 00:31:05.954Z",1.09047,1.09052
"exness","EURUSD","2023-06-26 00:31:07.124Z",1.09046,1.09052
"exness","EURUSD","2023-06-26 00:31:07.306Z",1.09045,1.09051
"exness","EURUSD","2023-06-26 00:31:07.595Z",1.09043,1.09049
"exness","EURUSD","2023-06-26 00:31:07.939Z",1.09043,1.09048
"exness","EURUSD","2023-06-26 00:31:11.364Z",1.09042,1.09049
"exness","EURUSD","2023-06-26 00:31:12.602Z",1.09042,1.09048
"exness","EURUSD","2023-06-26 00:31:13.798Z",1.09042,1.09049
"exness","EURUSD","2023-06-26 00:31:15.015Z",1.09043,1.09049
"exness","EURUSD","2023-06-26 00:31:19.960Z",1.09042,1.09048
"exness","EURUSD","2023-06-26 00:31:20.036Z",1.09041,1.09047
"exness","EURUSD","2023-06-26 00:31:20.058Z",1.09039,1.09045
"exness","EURUSD","2023-06-26 00:31:20.272Z",1.09038,1.09044
"exness","EURUSD","2023-06-26 00:31:21.323Z",1.09037,1.09044
"exness","EURUSD","2023-06-26 00:31:21.384Z",1.09036,1.09042
"exness","EURUSD","2023-06-26 00:31:21.818Z",1.09034,1.09041
"exness","EURUSD","2023-06-26 00:31:22.916Z",1.09034,1.09039
"exness","EURUSD","2023-06-26 00:31:23.959Z",1.09034,1.0904
"exness","EURUSD","2023-06-26 00:31:27.163Z",1.09033,1.09039
"exness","EURUSD","2023-06-26 00:31:28.181Z",1.09032,1.09038
"exness","EURUSD","2023-06-26 00:31:28.957Z",1.09033,1.09038
"exness","EURUSD","2023-06-26 00:31:30.067Z",1.09033,1.09039
"exness","EURUSD","2023-06-26 00:31:31.895Z",1.09033,1.09038
"exness","EURUSD","2023-06-26 00:31:31.945Z",1.09034,1.0904
"exness","EURUSD","2023-06-26 00:31:33.347Z",1.09035,1.09041
"exness","EURUSD","2023-06-26 00:31:34.377Z",1.09035,1.0904
"exness","EURUSD","2023-06-26 00:31:35.171Z",1.09033,1.0904
"exness","EURUSD","2023-06-26 00:31:35.567Z",1.09033,1.09038
"exness","EURUSD","2023-06-26 00:31:38.241Z",1.09033,1.09039
"exness","EURUSD","2023-06-26 00:31:41.132Z",1.09034,1.0904
"exness","EURUSD","2023-06-26 00:31:42.265Z",1.09035,1.0904
"exness","EURUSD","2023-06-26 00:31:43.876Z",1.09035,1.09041
"exness","EURUSD","2023-06-26 00:31:44.905Z",1.09037,1.09043
"exness","EURUSD","2023-06-26 00:31:48.968Z",1.09037,1.09042
"exness","EURUSD","2023-06-26 00:31:50.716Z",1.09037,1.09043
"exness","EURUSD","2023-06-26 00:31:53.156Z",1.09038,1.09043
"exness","EURUSD","2023-06-26 00:31:54.500Z",1.09037,1.09043
"exness","EURUSD","2023-06-26 00:31:57.999Z",1.09038,1.09043
"exness","EURUSD","2023-06-26 00:31:59.065Z",1.09037,1.09043
"exness","EURUSD","2023-06-26 00:32:00.283Z",1.09038,1.09045
"exness","EURUSD","2023-06-26 00:32:01.583Z",1.0904,1.09045
"exness","EURUSD","2023-06-26 00:32:02.016Z",1.0904,1.09046
"exness","EURUSD","2023-06-26 00:32:03.068Z",1.09041,1.09047
"exness","EURUSD","2023-06-26 00:32:03.113Z",1.09043,1.09049
"exness","EURUSD","2023-06-26 00:32:04.055Z",1.09045,1.0905
"exness","EURUSD","2023-06-26 00:32:04.760Z",1.09043,1.09049
"exness","EURUSD","2023-06-26 00:32:07.109Z",1.09042,1.09049
"exness","EURUSD","2023-06-26 00:32:08.358Z",1.09043,1.09049
"exness","EURUSD","2023-06-26 00:32:10.629Z",1.09042,1.09049
"exness","EURUSD","2023-06-26 00:32:12.769Z",1.09043,1.09049
"exness","EURUSD","2023-06-26 00:32:14.695Z",1.09042,1.09049
"exness","EURUSD","2023-06-26 00:32:15.761Z",1.09044,1.09049
"exness","EURUSD","2023-06-26 00:32:16.238Z",1.09043,1.09049
"exness","EURUSD","2023-06-26 00:32:21.593Z",1.09044,1.0905
"exness","EURUSD","2023-06-26 00:32:23.651Z",1.09044,1.09049
"exness","EURUSD","2023-06-26 00:32:26.130Z",1.09043,1.09049
"exness","EURUSD","2023-06-26 00:32:31.595Z",1.09044,1.0905
"exness","EURUSD","2023-06-26 00:32:31.637Z",1.09042,1.09048
"exness","EURUSD","2023-06-26 00:32:32.789Z",1.09043,1.09049
"exness","EURUSD","2023-06-26 00:32:33.900Z",1.09044,1.0905
"exness","EURUSD","2023-06-26 00:32:35.837Z",1.09042,1.09049
"exness","EURUSD","2023-06-26 00:32:39.411Z",1.09042,1.09048
"exness","EURUSD","2023-06-26 00:32:41.586Z",1.09042,1.09049
"exness","EURUSD","2023-06-26 00:32:42.730Z",1.09043,1.09049
"exness","EURUSD","2023-06-26 00:32:44.611Z",1.09044,1.0905
"exness","EURUSD","2023-06-26 00:32:52.638Z",1.09045,1.09051
"exness","EURUSD","2023-06-26 00:32:52.970Z",1.09046,1.09053
"exness","EURUSD","2023-06-26 00:32:54.562Z",1.09047,1.09053
"exness","EURUSD","2023-06-26 00:33:02.752Z",1.09047,1.09054
"exness","EURUSD","2023-06-26 00:33:04.038Z",1.09048,1.09053
"exness","EURUSD","2023-06-26 00:33:05.618Z",1.09049,1.09055
"exness","EURUSD","2023-06-26 00:33:06.124Z",1.0905,1.09055
"exness","EURUSD","2023-06-26 00:33:06.169Z",1.09051,1.09057
"exness","EURUSD","2023-06-26 00:33:07.426Z",1.09052,1.09058
"exness","EURUSD","2023-06-26 00:33:12.054Z",1.09053,1.09058
"exness","EURUSD","2023-06-26 00:33:15.268Z",1.09053,1.09059
"exness","EURUSD","2023-06-26 00:33:15.302Z",1.09055,1.09061
"exness","EURUSD","2023-06-26 00:33:15.342Z",1.09056,1.09063
"exness","EURUSD","2023-06-26 00:33:16.319Z",1.09058,1.09064
"exness","EURUSD","2023-06-26 00:33:16.704Z",1.0906,1.09066
"exness","EURUSD","2023-06-26 00:33:17.144Z",1.09061,1.09067
"exness","EURUSD","2023-06-26 00:33:18.209Z",1.09062,1.09068
"exness","EURUSD","2023-06-26 00:33:19.248Z",1.09062,1.09069
"exness","EURUSD","2023-06-26 00:33:20.332Z",1.09062,1.09068
"exness","EURUSD","2023-06-26 00:33:21.348Z",1.09062,1.09067
"exness","EURUSD","2023-06-26 00:33:22.504Z",1.09062,1.09069
"exness","EURUSD","2023-06-26 00:33:23.532Z",1.09063,1.09068
"exness","EURUSD","2023-06-26 00:33:23.761Z",1.09063,1.09069
"exness","EURUSD","2023-06-26 00:33:25.394Z",1.09064,1.09071
"exness","EURUSD","2023-06-26 00:33:25.429Z",1.09066,1.09072
"exness","EURUSD","2023-06-26 00:33:26.557Z",1.09067,1.09073
"exness","EURUSD","2023-06-26 00:33:31.833Z",1.09068,1.09073
"exness","EURUSD","2023-06-26 00:33:34.968Z",1.09068,1.09074
"exness","EURUSD","2023-06-26 00:33:36.015Z",1.09067,1.09074
"exness","EURUSD","2023-06-26 00:33:38.351Z",1.09068,1.09074
"exness","EURUSD","2023-06-26 00:33:40.470Z",1.09069,1.0907499999999999
"exness","EURUSD","2023-06-26 00:33:41.102Z",1.09071,1.09077
"exness","EURUSD","2023-06-26 00:33:42.739Z",1.09072,1.09077
"exness","EURUSD","2023-06-26 00:33:43.993Z",1.09071,1.09077
"exness","EURUSD","2023-06-26 00:33:45.193Z",1.0907,1.09076
"exness","EURUSD","2023-06-26 00:33:47.575Z",1.0907,1.0907499999999999
"exness","EURUSD","2023-06-26 00:33:48.592Z",1.0907,1.09076
"exness","EURUSD","2023-06-26 00:33:48.883Z",1.09071,1.09077
"exness","EURUSD","2023-06-26 00:33:49.995Z",1.09071,1.09078
"exness","EURUSD","2023-06-26 00:33:51.056Z",1.09072,1.09077
"exness","EURUSD","2023-06-26 00:33:51.949Z",1.0907,1.09076
"exness","EURUSD","2023-06-26 00:33:52.990Z",1.09069,1.09076
"exness","EURUSD","2023-06-26 00:33:54.139Z",1.0907,1.0907499999999999
"exness","EURUSD","2023-06-26 00:33:55.135Z",1.09069,1.0907499999999999
"exness","EURUSD","2023-06-26 00:33:57.595Z",1.09068,1.09074
"exness","EURUSD","2023-06-26 00:33:58.774Z",1.09067,1.09074
"exness","EURUSD","2023-06-26 00:34:00.572Z",1.09069,1.09074
"exness","EURUSD","2023-06-26 00:34:01.215Z",1.09069,1.0907499999999999
"exness","EURUSD","2023-06-26 00:34:01.270Z",1.09071,1.09077
"exness","EURUSD","2023-06-26 00:34:02.044Z",1.09072,1.09078
"exness","EURUSD","2023-06-26 00:34:02.112Z",1.09074,1.0908
"exness","EURUSD","2023-06-26 00:34:03.129Z",1.0907499999999999,1.0908
"exness","EURUSD","2023-06-26 00:34:06.654Z",1.09074,1.09081
"exness","EURUSD","2023-06-26 00:34:06.825Z",1.09073,1.09079
"exness","EURUSD","2023-06-26 00:34:08.193Z",1.09071,1.09077
"exness","EURUSD","2023-06-26 00:34:08.283Z",1.0907,1.0907499999999999
"exness","EURUSD","2023-06-26 00:34:09.537Z",1.09069,1.09076
"exness","EURUSD","2023-06-26 00:34:13.959Z",1.0907,1.09076
"exness","EURUSD","2023-06-26 00:34:22.032Z",1.09068,1.09074
"exness","EURUSD","2023-06-26 00:34:23.117Z",1.09069,1.0907499999999999
"exness","EURUSD","2023-06-26 00:34:26.054Z",1.09069,1.09074
"exness","EURUSD","2023-06-26 00:34:28.312Z",1.09068,1.0907499999999999
"exness","EURUSD","2023-06-26 00:34:29.544Z",1.09067,1.09074
"exness","EURUSD","2023-06-26 00:34:44.781Z",1.09068,1.09074
"exness","EURUSD","2023-06-26 00:34:57.575Z",1.09068,1.09073
"exness","EURUSD","2023-06-26 00:34:58.865Z",1.09067,1.09074
"exness","EURUSD","2023-06-26 00:35:00.005Z",1.09067,1.09072
"exness","EURUSD","2023-06-26 00:35:02.614Z",1.09066,1.09072
"exness","EURUSD","2023-06-26 00:35:03.614Z",1.09065,1.09072
"exness","EURUSD","2023-06-26 00:35:03.773Z",1.09067,1.09073
"exness","EURUSD","2023-06-26 00:35:05.257Z",1.09068,1.09074
"exness","EURUSD","2023-06-26 00:35:06.567Z",1.09068,1.09073
"exness","EURUSD","2023-06-26 00:35:07.876Z",1.09068,1.09074
"exness","EURUSD","2023-06-26 00:35:11.084Z",1.09067,1.09074
"exness","EURUSD","2023-06-26 00:35:12.260Z",1.09067,1.09073
"exness","EURUSD","2023-06-26 00:35:13.127Z",1.09069,1.09074
"exness","EURUSD","2023-06-26 00:35:14.084Z",1.09067,1.09073
"exness","EURUSD","2023-06-26 00:35:14.096Z",1.09065,1.09072
"exness","EURUSD","2023-06-26 00:35:14.129Z",1.09064,1.0907
"exness","EURUSD","2023-06-26 00:35:14.477Z",1.09063,1.09068
"exness","EURUSD","2023-06-26 00:35:16.750Z",1.09062,1.09069
"exness","EURUSD","2023-06-26 00:35:19.127Z",1.09062,1.09068
"exness","EURUSD","2023-06-26 00:35:27.029Z",1.09063,1.09069
"exness","EURUSD","2023-06-26 00:35:29.454Z",1.09063,1.0907
"exness","EURUSD","2023-06-26 00:35:35.839Z",1.09063,1.09069
"exness","EURUSD","2023-06-26 00:35:47.493Z",1.09063,1.0907
"exness","EURUSD","2023-06-26 00:35:51.960Z",1.09063,1.09069
"exness","EURUSD","2023-06-26 00:35:55.486Z",1.09064,1.0907
"exness","EURUSD","2023-06-26 00:36:01.552Z",1.09064,1.09069
"exness","EURUSD","2023-06-26 00:36:02.025Z",1.09062,1.09069
"exness","EURUSD","2023-06-26 00:36:03.041Z",1.09063,1.09068
"exness","EURUSD","2023-06-26 00:36:03.118Z",1.09063,1.09069
"exness","EURUSD","2023-06-26 00:36:06.909Z",1.09064,1.09069
"exness","EURUSD","2023-06-26 00:36:07.978Z",1.09063,1.09069
"exness","EURUSD","2023-06-26 00:36:17.617Z",1.09063,1.0907
"exness","EURUSD","2023-06-26 00:36:19.009Z",1.09064,1.0907
"exness","EURUSD","2023-06-26 00:36:27.086Z",1.09065,1.09071
"exness","EURUSD","2023-06-26 00:36:27.143Z",1.09067,1.09073
"exness","EURUSD","2023-06-26 00:36:27.167Z",1.09068,1.09074
"exness","EURUSD","2023-06-26 00:36:27.889Z",1.0907,1.09076
"exness","EURUSD","2023-06-26 00:36:27.909Z",1.09071,1.09078
"exness","EURUSD","2023-06-26 00:36:30.148Z",1.09072,1.09078
"exness","EURUSD","2023-06-26 00:36:32.819Z",1.09074,1.0908
"exness","EURUSD","2023-06-26 00:36:39.063Z",1.0907499999999999,1.09082
"exness","EURUSD","2023-06-26 00:36:40.126Z",1.09076,1.09081
"exness","EURUSD","2023-06-26 00:36:41.238Z",1.09076,1.09082
"exness","EURUSD","2023-06-26 00:36:44.409Z",1.0907499999999999,1.09081
"exness","EURUSD","2023-06-26 00:36:45.547Z",1.09076,1.09081
"exness","EURUSD","2023-06-26 00:36:45.592Z",1.09076,1.09082
"exness","EURUSD","2023-06-26 00:36:45.622Z",1.09078,1.09084
"exness","EURUSD","2023-06-26 00:36:45.808Z",1.09079,1.09085
"exness","EURUSD","2023-06-26 00:36:45.891Z",1.09081,1.09086
"exness","EURUSD","2023-06-26 00:36:46.828Z",1.0908,1.09086
"exness","EURUSD","2023-06-26 00:36:50.280Z",1.09079,1.09086
"exness","EURUSD","2023-06-26 00:36:52.285Z",1.0908,1.09087
"exness","EURUSD","2023-06-26 00:36:52.926Z",1.0908,1.09085
"exness","EURUSD","2023-06-26 00:36:56.501Z",1.09079,1.09085
"exness","EURUSD","2023-06-26 00:37:00.695Z",1.09078,1.09084
"exness","EURUSD","2023-06-26 00:37:03.401Z",1.09079,1.09084
"exness","EURUSD","2023-06-26 00:37:05.765Z",1.09078,1.09084
"exness","EURUSD","2023-06-26 00:37:13.092Z",1.0908,1.09086
"exness","EURUSD","2023-06-26 00:37:13.302Z",1.09081,1.09086
"exness","EURUSD","2023-06-26 00:37:14.863Z",1.09082,1.09087
"exness","EURUSD","2023-06-26 00:37:16.169Z",1.09081,1.09087
"exness","EURUSD","2023-06-26 00:37:18.078Z",1.0908,1.09085
"exness","EURUSD","2023-06-26 00:37:19.112Z",1.09078,1.09085
"exness","EURUSD","2023-06-26 00:37:19.123Z",1.09077,1.09083
"exness","EURUSD","2023-06-26 00:37:19.766Z",1.0907499999999999,1.09081
"exness","EURUSD","2023-06-26 00:37:21.571Z",1.0907499999999999,1.0908
"exness","EURUSD","2023-06-26 00:37:23.929Z",1.09074,1.0908
"exness","EURUSD","2023-06-26 00:37:25.206Z",1.09073,1.0908
"exness","EURUSD","2023-06-26 00:37:26.643Z",1.0907499999999999,1.09081
"exness","EURUSD","2023-06-26 00:37:26.666Z",1.09077,1.09083
"exness","EURUSD","2023-06-26 00:37:26.716Z",1.09079,1.09084
"exness","EURUSD","2023-06-26 00:37:26.829Z",1.09079,1.09085
"exness","EURUSD","2023-06-26 00:37:27.976Z",1.0908,1.09086
"exness","EURUSD","2023-06-26 00:37:29.007Z",1.09079,1.09086
"exness","EURUSD","2023-06-26 00:37:30.294Z",1.09079,1.09085
"exness","EURUSD","2023-06-26 00:37:32.866Z",1.09079,1.09086
"exness","EURUSD","2023-06-26 00:37:36.726Z",1.09079,1.09085
"exness","EURUSD","2023-06-26 00:37:41.030Z",1.09081,1.09087
"exness","EURUSD","2023-06-26 00:37:42.024Z",1.0908,1.09085
"exness","EURUSD","2023-06-26 00:37:42.165Z",1.09081,1.09087
"exness","EURUSD","2023-06-26 00:37:43.266Z",1.09081,1.09088
"exness","EURUSD","2023-06-26 00:37:48.142Z",1.09082,1.09088
"exness","EURUSD","2023-06-26 00:37:48.857Z",1.0908,1.09086
"exness","EURUSD","2023-06-26 00:37:50.034Z",1.09081,1.09088
"exness","EURUSD","2023-06-26 00:37:50.917Z",1.09081,1.09086
"exness","EURUSD","2023-06-26 00:38:01.533Z",1.0908,1.09085
"exness","EURUSD","2023-06-26 00:38:05.349Z",1.09079,1.09085
"exness","EURUSD","2023-06-26 00:38:11.028Z",1.09078,1.09084
