"Exness","Symbol","Timestamp","Bid","Ask"
"exness","EURUSD","2023-06-27 00:00:00.133Z",1.09097,1.09102
"exness","EURUSD","2023-06-27 00:00:01.161Z",1.09096,1.09103
"exness","EURUSD","2023-06-27 00:00:01.499Z",1.09098,1.09104
"exness","EURUSD","2023-06-27 00:00:03.599Z",1.09097,1.09103
"exness","EURUSD","2023-06-27 00:00:07.212Z",1.09098,1.09103
"exness","EURUSD","2023-06-27 00:00:09.384Z",1.09097,1.09103
"exness","EURUSD","2023-06-27 00:00:11.517Z",1.09096,1.09103
"exness","EURUSD","2023-06-27 00:00:12.609Z",1.09096,1.09102
"exness","EURUSD","2023-06-27 00:00:15.193Z",1.09098,1.09104
"exness","EURUSD","2023-06-27 00:00:16.230Z",1.09096,1.09103
"exness","EURUSD","2023-06-27 00:00:17.609Z",1.09097,1.09102
"exness","EURUSD","2023-06-27 00:00:20.990Z",1.09097,1.09103
"exness","EURUSD","2023-06-27 00:00:21.425Z",1.09098,1.09105
"exness","EURUSD","2023-06-27 00:00:22.631Z",1.09099,1.09104
"exness","EURUSD","2023-06-27 00:00:23.787Z",1.09098,1.09104
"exness","EURUSD","2023-06-27 00:00:23.797Z",1.09096,1.09102
"exness","EURUSD","2023-06-27 00:00:23.833Z",1.09095,1.09101
"exness","EURUSD","2023-06-27 00:00:23.841Z",1.09093,1.09099
"exness","EURUSD","2023-06-27 00:00:23.860Z",1.09091,1.09098
"exness","EURUSD","2023-06-27 00:00:23.996Z",1.09091,1.09096
"exness","EURUSD","2023-06-27 00:00:25.149Z",1.0909,1.09096
"exness","EURUSD","2023-06-27 00:00:27.323Z",1.09089,1.09095
"exness","EURUSD","2023-06-27 00:00:30.864Z",1.09087,1.09094
"exness","EURUSD","2023-06-27 00:00:31.718Z",1.09089,1.09095
"exness","EURUSD","2023-06-27 00:00:33.240Z",1.0909,1.09095
"exness","EURUSD","2023-06-27 00:00:39.434Z",1.09088,1.09094
"exness","EURUSD","2023-06-27 00:00:40.456Z",1.09087,1.09093
"exness","EURUSD","2023-06-27 00:00:41.568Z",1.09089,1.09094
"exness","EURUSD","2023-06-27 00:00:42.200Z",1.09087,1.09093
"exness","EURUSD","2023-06-27 00:00:42.495Z",1.09085,1.0909200000000001
"exness","EURUSD","2023-06-27 00:00:43.529Z",1.09085,1.0909
"exness","EURUSD","2023-06-27 00:00:44.556Z",1.09084,1.0909
"exness","EURUSD","2023-06-27 00:00:45.840Z",1.09084,1.09091
"exness","EURUSD","2023-06-27 00:00:46.979Z",1.09085,1.09091
"exness","EURUSD","2023-06-27 00:00:49.100Z",1.09084,1.09091
"exness","EURUSD","2023-06-27 00:00:49.132Z",1.09083,1.09089
"exness","EURUSD","2023-06-27 00:00:49.142Z",1.09081,1.09087
"exness","EURUSD","2023-06-27 00:00:49.422Z",1.0908,1.09086
"exness","EURUSD","2023-06-27 00:00:49.451Z",1.09078,1.09084
"exness","EURUSD","2023-06-27 00:00:49.595Z",1.09076,1.09083
"exness","EURUSD","2023-06-27 00:00:49.727Z",1.0907499999999999,1.09081
"exness","EURUSD","2023-06-27 00:00:50.769Z",1.0907499999999999,1.0908
"exness","EURUSD","2023-06-27 00:00:53.857Z",1.09074,1.09081
"exness","EURUSD","2023-06-27 00:00:54.837Z",1.09073,1.09079
"exness","EURUSD","2023-06-27 00:00:54.861Z",1.09071,1.09077
"exness","EURUSD","2023-06-27 00:00:54.924Z",1.0907,1.09076
"exness","EURUSD","2023-06-27 00:00:55.959Z",1.0907,1.0907499999999999
"exness","EURUSD","2023-06-27 00:00:57.301Z",1.09069,1.09076
"exness","EURUSD","2023-06-27 00:00:58.542Z",1.0907,1.09076
"exness","EURUSD","2023-06-27 00:01:03.173Z",1.09071,1.09077
"exness","EURUSD","2023-06-27 00:01:05.336Z",1.09072,1.09077
"exness","EURUSD","2023-06-27 00:01:06.339Z",1.09071,1.09077
"exness","EURUSD","2023-06-27 00:01:07.482Z",1.0907,1.09077
"exness","EURUSD","2023-06-27 00:01:08.187Z",1.09069,1.0907499999999999
"exness","EURUSD","2023-06-27 00:01:08.218Z",1.09067,1.09073
"exness","EURUSD","2023-06-27 00:01:09.339Z",1.09067,1.09072
"exness","EURUSD","2023-06-27 00:01:09.839Z",1.09067,1.09073
"exness","EURUSD","2023-06-27 00:01:09.880Z",1.09069,1.0907499999999999
"exness","EURUSD","2023-06-27 00:01:11.014Z",1.09071,1.09076
"exness","EURUSD","2023-06-27 00:01:12.476Z",1.09071,1.09077
"exness","EURUSD","2023-06-27 00:01:12.499Z",1.09073,1.09079
"exness","EURUSD","2023-06-27 00:01:13.173Z",1.09074,1.09079
"exness","EURUSD","2023-06-27 00:01:16.772Z",1.09073,1.09079
"exness","EURUSD","2023-06-27 00:01:17.400Z",1.09071,1.09077
"exness","EURUSD","2023-06-27 00:01:17.941Z",1.09072,1.09077
"exness","EURUSD","2023-06-27 00:01:18.853Z",1.09071,1.09077
"exness","EURUSD","2023-06-27 00:01:21.105Z",1.09071,1.09076
"exness","EURUSD","2023-06-27 00:01:22.217Z",1.0907,1.09076
"exness","EURUSD","2023-06-27 00:01:30.335Z",1.09071,1.09076
"exness","EURUSD","2023-06-27 00:01:30.343Z",1.09072,1.09078
"exness","EURUSD","2023-06-27 00:01:30.392Z",1.09073,1.09079
"exness","EURUSD","2023-06-27 00:01:33.465Z",1.09074,1.0908
"exness","EURUSD","2023-06-27 00:01:34.995Z",1.0907499999999999,1.09081
"exness","EURUSD","2023-06-27 00:01:35.009Z",1.09077,1.09083
"exness","EURUSD","2023-06-27 00:01:36.041Z",1.09077,1.09082
"exness","EURUSD","2023-06-27 00:01:38.332Z",1.09076,1.09082
"exness","EURUSD","2023-06-27 00:01:41.199Z",1.09078,1.09084
"exness","EURUSD","2023-06-27 00:01:42.248Z",1.09079,1.09084
"exness","EURUSD","2023-06-27 00:01:44.453Z",1.0908,1.09086
"exness","EURUSD","2023-06-27 00:01:44.464Z",1.09081,1.09088
"exness","EURUSD","2023-06-27 00:01:45.588Z",1.0908,1.09087
"exness","EURUSD","2023-06-27 00:01:49.112Z",1.0908,1.09086
"exness","EURUSD","2023-06-27 00:01:50.145Z",1.0908,1.09087
"exness","EURUSD","2023-06-27 00:01:52.238Z",1.09081,1.09087
"exness","EURUSD","2023-06-27 00:01:53.264Z",1.0908,1.09087
"exness","EURUSD","2023-06-27 00:01:55.163Z",1.09081,1.09087
"exness","EURUSD","2023-06-27 00:01:56.400Z",1.0908,1.09087
"exness","EURUSD","2023-06-27 00:01:57.453Z",1.09081,1.09087
"exness","EURUSD","2023-06-27 00:01:58.571Z",1.09082,1.09087
"exness","EURUSD","2023-06-27 00:01:59.841Z",1.0908,1.09086
"exness","EURUSD","2023-06-27 00:02:00.846Z",1.0908,1.09087
"exness","EURUSD","2023-06-27 00:02:01.851Z",1.09081,1.09086
"exness","EURUSD","2023-06-27 00:02:02.920Z",1.0908,1.09087
"exness","EURUSD","2023-06-27 00:02:04.097Z",1.09081,1.09087
"exness","EURUSD","2023-06-27 00:02:08.672Z",1.0908,1.09087
"exness","EURUSD","2023-06-27 00:02:11.015Z",1.09081,1.09087
"exness","EURUSD","2023-06-27 00:02:14.221Z",1.0908,1.09087
"exness","EURUSD","2023-06-27 00:02:15.339Z",1.09081,1.09087
"exness","EURUSD","2023-06-27 00:02:17.783Z",1.0908,1.09086
"exness","EURUSD","2023-06-27 00:02:18.787Z",1.09079,1.09086
"exness","EURUSD","2023-06-27 00:02:19.785Z",1.0908,1.09086
"exness","EURUSD","2023-06-27 00:02:19.924Z",1.09082,1.09088
"exness","EURUSD","2023-06-27 00:02:20.937Z",1.09081,1.09087
"exness","EURUSD","2023-06-27 00:02:23.105Z",1.09082,1.09088
"exness","EURUSD","2023-06-27 00:02:24.151Z",1.09082,1.09087
"exness","EURUSD","2023-06-27 00:02:26.260Z",1.09083,1.09089
"exness","EURUSD","2023-06-27 00:02:26.734Z",1.09085,1.0909
"exness","EURUSD","2023-06-27 00:02:31.362Z",1.09083,1.09089
"exness","EURUSD","2023-06-27 00:02:32.360Z",1.09083,1.0909
"exness","EURUSD","2023-06-27 00:02:33.948Z",1.09084,1.09089
"exness","EURUSD","2023-06-27 00:02:35.141Z",1.09084,1.0909
"exness","EURUSD","2023-06-27 00:02:35.191Z",1.09085,1.0909200000000001
"exness","EURUSD","2023-06-27 00:02:35.335Z",1.09087,1.0909200000000001
"exness","EURUSD","2023-06-27 00:02:36.370Z",1.09086,1.09093
"exness","EURUSD","2023-06-27 00:02:42.257Z",1.09088,1.09094
"exness","EURUSD","2023-06-27 00:02:43.373Z",1.09089,1.09095
"exness","EURUSD","2023-06-27 00:02:44.429Z",1.09088,1.09095
"exness","EURUSD","2023-06-27 00:02:45.978Z",1.09089,1.09095
"exness","EURUSD","2023-06-27 00:02:48.220Z",1.0909,1.09096
"exness","EURUSD","2023-06-27 00:02:49.173Z",1.09091,1.09098
"exness","EURUSD","2023-06-27 00:02:49.222Z",1.09093,1.09099
"exness","EURUSD","2023-06-27 00:02:49.512Z",1.09095,1.091
"exness","EURUSD","2023-06-27 00:02:53.134Z",1.09095,1.09101
"exness","EURUSD","2023-06-27 00:02:56.104Z",1.09094,1.091
"exness","EURUSD","2023-06-27 00:02:59.124Z",1.0909200000000001,1.09099
"exness","EURUSD","2023-06-27 00:03:00.123Z",1.09091,1.09097
"exness","EURUSD","2023-06-27 00:03:00.212Z",1.09089,1.09096
"exness","EURUSD","2023-06-27 00:03:01.421Z",1.0909,1.09095
"exness","EURUSD","2023-06-27 00:03:03.510Z",1.09089,1.09095
"exness","EURUSD","2023-06-27 00:03:03.525Z",1.09087,1.09094
"exness","EURUSD","2023-06-27 00:03:03.980Z",1.09087,1.0909200000000001
"exness","EURUSD","2023-06-27 00:03:09.470Z",1.09086,1.09093
"exness","EURUSD","2023-06-27 00:03:12.375Z",1.09086,1.0909200000000001
"exness","EURUSD","2023-06-27 00:03:18.764Z",1.09085,1.09091
"exness","EURUSD","2023-06-27 00:03:19.790Z",1.09085,1.0909200000000001
"exness","EURUSD","2023-06-27 00:03:21.161Z",1.09087,1.0909200000000001
"exness","EURUSD","2023-06-27 00:03:21.645Z",1.09087,1.09093
"exness","EURUSD","2023-06-27 00:03:24.685Z",1.09088,1.09095
"exness","EURUSD","2023-06-27 00:03:25.009Z",1.0909,1.09095
"exness","EURUSD","2023-06-27 00:03:25.524Z",1.0909,1.09097
"exness","EURUSD","2023-06-27 00:03:25.543Z",1.0909200000000001,1.09098
"exness","EURUSD","2023-06-27 00:03:27.017Z",1.09093,1.09098
"exness","EURUSD","2023-06-27 00:03:27.041Z",1.09091,1.09097
"exness","EURUSD","2023-06-27 00:03:27.061Z",1.0909,1.09095
"exness","EURUSD","2023-06-27 00:03:27.064Z",1.09089,1.09095
"exness","EURUSD","2023-06-27 00:03:27.073Z",1.09088,1.09093
"exness","EURUSD","2023-06-27 00:03:27.126Z",1.09087,1.09093
"exness","EURUSD","2023-06-27 00:03:28.121Z",1.09085,1.09091
"exness","EURUSD","2023-06-27 00:03:28.225Z",1.09083,1.0909
"exness","EURUSD","2023-06-27 00:03:28.378Z",1.09083,1.09088
"exness","EURUSD","2023-06-27 00:03:29.398Z",1.09082,1.09088
"exness","EURUSD","2023-06-27 00:03:30.488Z",1.09081,1.09087
"exness","EURUSD","2023-06-27 00:03:31.733Z",1.09082,1.09088
"exness","EURUSD","2023-06-27 00:03:32.838Z",1.09082,1.09089
"exness","EURUSD","2023-06-27 00:03:43.059Z",1.09082,1.09088
"exness","EURUSD","2023-06-27 00:03:45.013Z",1.09081,1.09087
"exness","EURUSD","2023-06-27 00:03:47.685Z",1.09081,1.09088
"exness","EURUSD","2023-06-27 00:03:52.513Z",1.09082,1.09088
"exness","EURUSD","2023-06-27 00:03:53.167Z",1.0908,1.09086
"exness","EURUSD","2023-06-27 00:03:55.447Z",1.09081,1.09086
"exness","EURUSD","2023-06-27 00:03:59.404Z",1.09081,1.09088
"exness","EURUSD","2023-06-27 00:04:00.566Z",1.09082,1.09088
"exness","EURUSD","2023-06-27 00:04:01.006Z",1.0908,1.09086
"exness","EURUSD","2023-06-27 00:04:02.066Z",1.09081,1.09086
"exness","EURUSD","2023-06-27 00:04:04.357Z",1.09079,1.09085
"exness","EURUSD","2023-06-27 00:04:04.376Z",1.09078,1.09084
"exness","EURUSD","2023-06-27 00:04:04.577Z",1.09076,1.09082
"exness","EURUSD","2023-06-27 00:04:05.058Z",1.09076,1.09081
"exness","EURUSD","2023-06-27 00:04:06.073Z",1.0907499999999999,1.09082
"exness","EURUSD","2023-06-27 00:04:12.628Z",1.0907499999999999,1.09081
"exness","EURUSD","2023-06-27 00:04:20.925Z",1.09074,1.0908
"exness","EURUSD","2023-06-27 00:04:25.324Z",1.0907499999999999,1.09081
"exness","EURUSD","2023-06-27 00:04:26.385Z",1.0907499999999999,1.09082
"exness","EURUSD","2023-06-27 00:04:26.648Z",1.09077,1.09083
"exness","EURUSD","2023-06-27 00:04:26.675Z",1.09078,1.09085
"exness","EURUSD","2023-06-27 00:04:27.712Z",1.09079,1.09085
"exness","EURUSD","2023-06-27 00:04:30.123Z",1.09079,1.09084
"exness","EURUSD","2023-06-27 00:04:30.165Z",1.09077,1.09084
"exness","EURUSD","2023-06-27 00:04:31.319Z",1.09077,1.09083
"exness","EURUSD","2023-06-27 00:04:31.418Z",1.09079,1.09085
"exness","EURUSD","2023-06-27 00:04:31.429Z",1.09081,1.09087
"exness","EURUSD","2023-06-27 00:04:31.563Z",1.09082,1.09087
"exness","EURUSD","2023-06-27 00:04:43.770Z",1.09083,1.09088
"exness","EURUSD","2023-06-27 00:04:43.805Z",1.09083,1.09089
"exness","EURUSD","2023-06-27 00:04:43.863Z",1.09085,1.09091
"exness","EURUSD","2023-06-27 00:04:43.914Z",1.09086,1.0909200000000001
"exness","EURUSD","2023-06-27 00:04:45.454Z",1.09088,1.09093
"exness","EURUSD","2023-06-27 00:04:46.902Z",1.09088,1.09095
"exness","EURUSD","2023-06-27 00:04:48.805Z",1.09089,1.09095
"exness","EURUSD","2023-06-27 00:04:49.496Z",1.0909,1.09096
"exness","EURUSD","2023-06-27 00:04:50.829Z",1.0909,1.09097
"exness","EURUSD","2023-06-27 00:04:51.576Z",1.0909200000000001,1.09098
"exness","EURUSD","2023-06-27 00:04:56.022Z",1.09093,1.09098
"exness","EURUSD","2023-06-27 00:04:58.023Z",1.09091,1.09097
"exness","EURUSD","2023-06-27 00:05:00.328Z",1.0909,1.09095
"exness","EURUSD","2023-06-27 00:05:02.804Z",1.0909,1.09096
"exness","EURUSD","2023-06-27 00:05:05.852Z",1.09088,1.09095
"exness","EURUSD","2023-06-27 00:05:11.896Z",1.0909,1.09096
"exness","EURUSD","2023-06-27 00:05:16.887Z",1.09089,1.09095
"exness","EURUSD","2023-06-27 00:05:19.755Z",1.09089,1.09096
"exness","EURUSD","2023-06-27 00:05:23.815Z",1.09089,1.09094
"exness","EURUSD","2023-06-27 00:05:28.839Z",1.09088,1.09094
"exness","EURUSD","2023-06-27 00:05:30.485Z",1.09087,1.09093
"exness","EURUSD","2023-06-27 00:05:31.162Z",1.09085,1.0909200000000001
"exness","EURUSD","2023-06-27 00:05:31.184Z",1.09084,1.0909
"exness","EURUSD","2023-06-27 00:05:32.102Z",1.09083,1.09088
"exness","EURUSD","2023-06-27 00:05:32.552Z",1.09081,1.09088
"exness","EURUSD","2023-06-27 00:05:33.942Z",1.0908,1.09087
"exness","EURUSD","2023-06-27 00:05:36.044Z",1.0908,1.09086
"exness","EURUSD","2023-06-27 00:05:37.687Z",1.09081,1.09086
"exness","EURUSD","2023-06-27 00:05:40.981Z",1.09081,1.09087
"exness","EURUSD","2023-06-27 00:05:48.499Z",1.0908,1.09087
"exness","EURUSD","2023-06-27 00:05:50.503Z",1.09081,1.09087
"exness","EURUSD","2023-06-27 00:05:54.604Z",1.0908,1.09087
"exness","EURUSD","2023-06-27 00:05:57.545Z",1.09081,1.09087
"exness","EURUSD","2023-06-27 00:06:00.121Z",1.09081,1.09086
"exness","EURUSD","2023-06-27 00:06:00.146Z",1.09079,1.09085
"exness","EURUSD","2023-06-27 00:06:03.349Z",1.09078,1.09085
"exness","EURUSD","2023-06-27 00:06:05.540Z",1.09078,1.09084
"exness","EURUSD","2023-06-27 00:06:06.506Z",1.0908,1.09086
"exness","EURUSD","2023-06-27 00:06:08.751Z",1.09078,1.09085
"exness","EURUSD","2023-06-27 00:06:12.922Z",1.09078,1.09084
"exness","EURUSD","2023-06-27 00:06:14.122Z",1.09077,1.09083
"exness","EURUSD","2023-06-27 00:06:16.304Z",1.09076,1.09082
"exness","EURUSD","2023-06-27 00:06:18.727Z",1.09077,1.09082
"exness","EURUSD","2023-06-27 00:06:23.300Z",1.0907499999999999,1.09082
"exness","EURUSD","2023-06-27 00:06:23.585Z",1.09074,1.0908
"exness","EURUSD","2023-06-27 00:06:25.148Z",1.09073,1.09079
"exness","EURUSD","2023-06-27 00:06:30.683Z",1.09074,1.09081
"exness","EURUSD","2023-06-27 00:06:31.738Z",1.0907499999999999,1.0908
"exness","EURUSD","2023-06-27 00:06:32.989Z",1.0907499999999999,1.09081
"exness","EURUSD","2023-06-27 00:06:36.564Z",1.0907499999999999,1.09082
"exness","EURUSD","2023-06-27 00:06:39.014Z",1.09077,1.09083
"exness","EURUSD","2023-06-27 00:06:43.175Z",1.09076,1.09082
"exness","EURUSD","2023-06-27 00:06:44.300Z",1.09076,1.09083
"exness","EURUSD","2023-06-27 00:06:48.083Z",1.09077,1.09083
"exness","EURUSD","2023-06-27 00:06:48.125Z",1.09078,1.09085
"exness","EURUSD","2023-06-27 00:06:49.142Z",1.09079,1.09086
"exness","EURUSD","2023-06-27 00:06:50.373Z",1.0908,1.09086
"exness","EURUSD","2023-06-27 00:06:52.075Z",1.0908,1.09085
"exness","EURUSD","2023-06-27 00:06:53.348Z",1.09081,1.09086
"exness","EURUSD","2023-06-27 00:06:55.672Z",1.0908,1.09086
"exness","EURUSD","2023-06-27 00:07:04.833Z",1.0908,1.09087
"exness","EURUSD","2023-06-27 00:07:08.018Z",1.09081,1.09087
"exness","EURUSD","2023-06-27 00:07:12.892Z",1.09082,1.09088
"exness","EURUSD","2023-06-27 00:07:14.206Z",1.09082,1.09087
"exness","EURUSD","2023-06-27 00:07:16.452Z",1.09081,1.09087
"exness","EURUSD","2023-06-27 00:07:17.452Z",1.09079,1.09086
"exness","EURUSD","2023-06-27 00:07:18.543Z",1.09078,1.09084
"exness","EURUSD","2023-06-27 00:07:19.592Z",1.09078,1.09083
"exness","EURUSD","2023-06-27 00:07:22.193Z",1.09077,1.09084
"exness","EURUSD","2023-06-27 00:07:32.761Z",1.09077,1.09082
"exness","EURUSD","2023-06-27 00:07:39.326Z",1.09076,1.09082
"exness","EURUSD","2023-06-27 00:07:44.681Z",1.09074,1.09081
"exness","EURUSD","2023-06-27 00:07:47.163Z",1.0907499999999999,1.09081
"exness","EURUSD","2023-06-27 00:07:51.302Z",1.09074,1.0908
"exness","EURUSD","2023-06-27 00:07:56.692Z",1.0907499999999999,1.0908
"exness","EURUSD","2023-06-27 00:07:56.782Z",1.0907499999999999,1.09081
"exness","EURUSD","2023-06-27 00:07:56.802Z",1.09077,1.09083
"exness","EURUSD","2023-06-27 00:07:56.837Z",1.09078,1.09084
"exness","EURUSD","2023-06-27 00:07:57.879Z",1.09079,1.09085
"exness","EURUSD","2023-06-27 00:08:00.180Z",1.09079,1.09086
"exness","EURUSD","2023-06-27 00:08:03.338Z",1.0908,1.09085
"exness","EURUSD","2023-06-27 00:08:04.551Z",1.09079,1.09086
"exness","EURUSD","2023-06-27 00:08:06.862Z",1.09079,1.09085
"exness","EURUSD","2023-06-27 00:08:07.930Z",1.09079,1.09086
"exness","EURUSD","2023-06-27 00:08:10.049Z",1.0908,1.09086
"exness","EURUSD","2023-06-27 00:08:12.865Z",1.09079,1.09085
"exness","EURUSD","2023-06-27 00:08:12.888Z",1.09078,1.09084
"exness","EURUSD","2023-06-27 00:08:14.926Z",1.09078,1.09083
"exness","EURUSD","2023-06-27 00:08:32.319Z",1.09077,1.09083
"exness","EURUSD","2023-06-27 00:08:47.477Z",1.0907499999999999,1.09081
"exness","EURUSD","2023-06-27 00:08:48.183Z",1.0907499999999999,1.0908
"exness","EURUSD","2023-06-27 00:08:49.579Z",1.09074,1.0908
"exness","EURUSD","2023-06-27 00:08:51.290Z",1.09074,1.09081
"exness","EURUSD","2023-06-27 00:08:52.883Z",1.0907499999999999,1.0908
"exness","EURUSD","2023-06-27 00:08:59.008Z",1.09074,1.0908
"exness","EURUSD","2023-06-27 00:09:02.451Z",1.09072,1.09079
"exness","EURUSD","2023-06-27 00:09:03.471Z",1.09072,1.09078
"exness","EURUSD","2023-06-27 00:09:04.820Z",1.09072,1.09079
"exness","EURUSD","2023-06-27 00:09:11.515Z",1.09072,1.09078
"exness","EURUSD","2023-06-27 00:09:14.762Z",1.09071,1.09077
"exness","EURUSD","2023-06-27 00:09:18.242Z",1.09071,1.09078
"exness","EURUSD","2023-06-27 00:09:20.883Z",1.09072,1.09077
"exness","EURUSD","2023-06-27 00:09:21.986Z",1.09072,1.09078
"exness","EURUSD","2023-06-27 00:09:27.005Z",1.09072,1.09077
"exness","EURUSD","2023-06-27 00:09:31.886Z",1.09073,1.09079
"exness","EURUSD","2023-06-27 00:09:31.939Z",1.09074,1.09081
"exness","EURUSD","2023-06-27 00:09:33.020Z",1.0907499999999999,1.09081
"exness","EURUSD","2023-06-27 00:09:38.070Z",1.0907499999999999,1.0908
"exness","EURUSD","2023-06-27 00:09:38.101Z",1.09074,1.0908
"exness","EURUSD","2023-06-27 00:09:39.311Z",1.09074,1.09079
"exness","EURUSD","2023-06-27 00:09:40.346Z",1.09072,1.09079
"exness","EURUSD","2023-06-27 00:09:41.348Z",1.09073,1.09079
"exness","EURUSD","2023-06-27 00:09:42.917Z",1.09073,1.0908
"exness","EURUSD","2023-06-27 00:09:44.312Z",1.09073,1.09079
"exness","EURUSD","2023-06-27 00:09:46.904Z",1.09072,1.09079
"exness","EURUSD","2023-06-27 00:09:47.981Z",1.09073,1.09079
"exness","EURUSD","2023-06-27 00:09:50.384Z",1.09072,1.09079
"exness","EURUSD","2023-06-27 00:09:54.465Z",1.09071,1.09077
"exness","EURUSD","2023-06-27 00:09:58.306Z",1.09071,1.09078
"exness","EURUSD","2023-06-27 00:10:02.272Z",1.09072,1.09078
"exness","EURUSD","2023-06-27 00:10:02.419Z",1.0907,1.09076
"exness","EURUSD","2023-06-27 00:10:02.453Z",1.09068,1.0907499999999999
"exness","EURUSD","2023-06-27 00:10:02.770Z",1.09067,1.09073
"exness","EURUSD","2023-06-27 00:10:07.701Z",1.09067,1.09072
"exness","EURUSD","2023-06-27 00:10:08.873Z",1.09066,1.09071
"exness","EURUSD","2023-06-27 00:10:14.511Z",1.09066,1.09072
"exness","EURUSD","2023-06-27 00:10:14.747Z",1.09067,1.09073
"exness","EURUSD","2023-06-27 00:10:18.941Z",1.09067,1.09072
"exness","EURUSD","2023-06-27 00:10:39.782Z",1.09066,1.09072
"exness","EURUSD","2023-06-27 00:10:41.168Z",1.09066,1.09073
"exness","EURUSD","2023-06-27 00:10:42.271Z",1.09067,1.09073
"exness","EURUSD","2023-06-27 00:10:52.054Z",1.09066,1.09072
"exness","EURUSD","2023-06-27 00:10:54.104Z",1.09066,1.09073
"exness","EURUSD","2023-06-27 00:10:57.777Z",1.09068,1.09074
"exness","EURUSD","2023-06-27 00:10:57.865Z",1.09069,1.09076
"exness","EURUSD","2023-06-27 00:10:58.459Z",1.09069,1.09074
"exness","EURUSD","2023-06-27 00:11:00.177Z",1.09068,1.0907499999999999
"exness","EURUSD","2023-06-27 00:11:00.352Z",1.0907,1.0907499999999999
"exness","EURUSD","2023-06-27 00:11:00.588Z",1.0907,1.09077
"exness","EURUSD","2023-06-27 00:11:01.613Z",1.09072,1.09078
"exness","EURUSD","2023-06-27 00:11:04.397Z",1.09071,1.09076
"exness","EURUSD","2023-06-27 00:11:06.170Z",1.09072,1.09078
"exness","EURUSD","2023-06-27 00:11:07.462Z",1.09072,1.09079
"exness","EURUSD","2023-06-27 00:11:08.934Z",1.09072,1.09078
"exness","EURUSD","2023-06-27 00:11:10.261Z",1.09071,1.09077
"exness","EURUSD","2023-06-27 00:11:13.386Z",1.09072,1.09079
"exness","EURUSD","2023-06-27 00:11:13.864Z",1.09074,1.0908
"exness","EURUSD","2023-06-27 00:11:24.290Z",1.09076,1.09081
"exness","EURUSD","2023-06-27 00:11:36.556Z",1.09076,1.09083
"exness","EURUSD","2023-06-27 00:11:38.118Z",1.09077,1.09083
"exness","EURUSD","2023-06-27 00:11:43.577Z",1.09078,1.09085
"exness","EURUSD","2023-06-27 00:11:44.008Z",1.0908,1.09085
"exness","EURUSD","2023-06-27 00:11:47.583Z",1.0908,1.09086
"exness","EURUSD","2023-06-27 00:11:50.602Z",1.09078,1.09085
"exness","EURUSD","2023-06-27 00:11:52.134Z",1.09078,1.09083
"exness","EURUSD","2023-06-27 00:11:59.485Z",1.09078,1.09084
"exness","EURUSD","2023-06-27 00:11:59.754Z",1.0908,1.09085
"exness","EURUSD","2023-06-27 00:12:01.335Z",1.09078,1.09084
"exness","EURUSD","2023-06-27 00:12:01.747Z",1.09077,1.09083
"exness","EURUSD","2023-06-27 00:12:02.886Z",1.09076,1.09082
"exness","EURUSD","2023-06-27 00:12:04.354Z",1.09077,1.09082
"exness","EURUSD","2023-06-27 00:12:09.951Z",1.09076,1.09083
"exness","EURUSD","2023-06-27 00:12:11.484Z",1.09076,1.09082
"exness","EURUSD","2023-06-27 00:12:13.236Z",1.09078,1.09083
"exness","EURUSD","2023-06-27 00:12:16.292Z",1.09077,1.09083
"exness","EURUSD","2023-06-27 00:12:18.328Z",1.09076,1.09083
"exness","EURUSD","2023-06-27 00:12:22.264Z",1.09076,1.09082
"exness","EURUSD","2023-06-27 00:12:24.335Z",1.09074,1.09081
"exness","EURUSD","2023-06-27 00:12:26.613Z",1.0907499999999999,1.09081
"exness","EURUSD","2023-06-27 00:12:28.354Z",1.09076,1.09081
"exness","EURUSD","2023-06-27 00:12:40.054Z",1.0907499999999999,1.09081
"exness","EURUSD","2023-06-27 00:12:43.216Z",1.0907499999999999,1.09082
"exness","EURUSD","2023-06-27 00:12:45.926Z",1.0907499999999999,1.09081
"exness","EURUSD","2023-06-27 00:12:48.996Z",1.09077,1.09083
"exness","EURUSD","2023-06-27 00:12:51.414Z",1.09077,1.09082
"exness","EURUSD","2023-06-27 00:12:59.837Z",1.09077,1.09083
"exness","EURUSD","2023-06-27 00:13:10.532Z",1.09076,1.09082
"exness","EURUSD","2023-06-27 00:13:14.051Z",1.0907499999999999,1.09082
"exness","EURUSD","2023-06-27 00:13:22.689Z",1.09076,1.09081
"exness","EURUSD","2023-06-27 00:13:23.815Z",1.09077,1.09082
"exness","EURUSD","2023-06-27 00:13:24.940Z",1.09076,1.09083
"exness","EURUSD","2023-06-27 00:13:25.941Z",1.09077,1.09082
"exness","EURUSD","2023-06-27 00:13:32.289Z",1.09076,1.09082
"exness","EURUSD","2023-06-27 00:13:49.753Z",1.09076,1.09083
"exness","EURUSD","2023-06-27 00:13:55.765Z",1.0907499999999999,1.09082
"exness","EURUSD","2023-06-27 00:13:57.017Z",1.0907499999999999,1.09081
"exness","EURUSD","2023-06-27 00:13:58.018Z",1.0907499999999999,1.09082
"exness","EURUSD","2023-06-27 00:13:59.094Z",1.09076,1.09082
"exness","EURUSD","2023-06-27 00:14:00.739Z",1.09076,1.09083
"exness","EURUSD","2023-06-27 00:14:05.250Z",1.09076,1.09082
"exness","EURUSD","2023-06-27 00:14:05.556Z",1.09074,1.0908
"exness","EURUSD","2023-06-27 00:14:05.567Z",1.09073,1.09079
"exness","EURUSD","2023-06-27 00:14:05.598Z",1.09071,1.09077
"exness","EURUSD","2023-06-27 00:14:06.574Z",1.09073,1.09079
"exness","EURUSD","2023-06-27 00:14:08.666Z",1.09073,1.09078
"exness","EURUSD","2023-06-27 00:14:18.339Z",1.09074,1.0908
"exness","EURUSD","2023-06-27 00:14:26.217Z",1.09074,1.09081
"exness","EURUSD","2023-06-27 00:14:29.711Z",1.0907499999999999,1.09081
"exness","EURUSD","2023-06-27 00:14:31.909Z",1.09076,1.09081
"exness","EURUSD","2023-06-27 00:14:33.096Z",1.09074,1.09081
"exness","EURUSD","2023-06-27 00:14:35.718Z",1.0907499999999999,1.09081
"exness","EURUSD","2023-06-27 00:14:38.517Z",1.09074,1.0908
"exness","EURUSD","2023-06-27 00:14:40.072Z",1.09073,1.09079
"exness","EURUSD","2023-06-27 00:14:48.350Z",1.09073,1.09078
"exness","EURUSD","2023-06-27 00:14:49.310Z",1.09074,1.0908
"exness","EURUSD","2023-06-27 00:14:50.367Z",1.0907499999999999,1.09081
"exness","EURUSD","2023-06-27 00:14:51.520Z",1.0907499999999999,1.09082
"exness","EURUSD","2023-06-27 00:14:52.733Z",1.09076,1.09081
"exness","EURUSD","2023-06-27 00:15:00.197Z",1.09074,1.09081
"exness","EURUSD","2023-06-27 00:15:01.300Z",1.09073,1.09079
"exness","EURUSD","2023-06-27 00:15:02.371Z",1.09073,1.09078
"exness","EURUSD","2023-06-27 00:15:05.613Z",1.09073,1.09079
"exness","EURUSD","2023-06-27 00:15:06.769Z",1.09072,1.09079
"exness","EURUSD","2023-06-27 00:15:07.832Z",1.09072,1.09078
"exness","EURUSD","2023-06-27 00:15:09.306Z",1.09073,1.09078
"exness","EURUSD","2023-06-27 00:15:10.444Z",1.09072,1.09078
"exness","EURUSD","2023-06-27 00:15:11.979Z",1.09072,1.09079
"exness","EURUSD","2023-06-27 00:15:19.637Z",1.09072,1.09078
"exness","EURUSD","2023-06-27 00:15:22.905Z",1.09072,1.09079
"exness","EURUSD","2023-06-27 00:15:24.364Z",1.09072,1.09078
"exness","EURUSD","2023-06-27 00:15:25.503Z",1.09073,1.09079
"exness","EURUSD","2023-06-27 00:15:30.133Z",1.09072,1.09079
"exness","EURUSD","2023-06-27 00:15:35.286Z",1.09073,1.09078
"exness","EURUSD","2023-06-27 00:15:39.970Z",1.09071,1.09078
"exness","EURUSD","2023-06-27 00:15:39.981Z",1.0907,1.09076
"exness","EURUSD","2023-06-27 00:15:41.021Z",1.0907,1.0907499999999999
"exness","EURUSD","2023-06-27 00:15:43.521Z",1.09069,1.0907499999999999
"exness","EURUSD","2023-06-27 00:15:45.040Z",1.0907,1.09077
"exness","EURUSD","2023-06-27 00:15:45.059Z",1.09072,1.09078
"exness","EURUSD","2023-06-27 00:15:48.654Z",1.09073,1.09078
"exness","EURUSD","2023-06-27 00:15:50.832Z",1.09073,1.0908
"exness","EURUSD","2023-06-27 00:15:52.000Z",1.09073,1.09078
"exness","EURUSD","2023-06-27 00:15:54.583Z",1.09073,1.09079
"exness","EURUSD","2023-06-27 00:16:03.319Z",1.09072,1.09079
"exness","EURUSD","2023-06-27 00:16:04.750Z",1.09073,1.09079
"exness","EURUSD","2023-06-27 00:16:05.831Z",1.09072,1.09079
"exness","EURUSD","2023-06-27 00:16:06.983Z",1.09072,1.09078
"exness","EURUSD","2023-06-27 00:16:09.733Z",1.09073,1.09078
"exness","EURUSD","2023-06-27 00:16:14.856Z",1.09073,1.09079
"exness","EURUSD","2023-06-27 00:16:14.910Z",1.0907499999999999,1.09081
"exness","EURUSD","2023-06-27 00:16:25.565Z",1.09074,1.0908
"exness","EURUSD","2023-06-27 00:16:26.825Z",1.09073,1.09079
"exness","EURUSD","2023-06-27 00:16:27.868Z",1.09073,1.09078
"exness","EURUSD","2023-06-27 00:16:31.393Z",1.09074,1.0908
"exness","EURUSD","2023-06-27 00:16:33.885Z",1.0907499999999999,1.09081
"exness","EURUSD","2023-06-27 00:16:35.574Z",1.09076,1.09081
"exness","EURUSD","2023-06-27 00:16:36.949Z",1.0907499999999999,1.09082
"exness","EURUSD","2023-06-27 00:16:37.956Z",1.0907499999999999,1.09081
"exness","EURUSD","2023-06-27 00:16:39.522Z",1.09074,1.09081
"exness","EURUSD","2023-06-27 00:16:40.617Z",1.09073,1.09079
"exness","EURUSD","2023-06-27 00:16:43.537Z",1.09073,1.09078
"exness","EURUSD","2023-06-27 00:16:45.795Z",1.09073,1.09079
"exness","EURUSD","2023-06-27 00:16:47.100Z",1.0907499999999999,1.09081
"exness","EURUSD","2023-06-27 00:16:51.662Z",1.09076,1.09081
"exness","EURUSD","2023-06-27 00:16:52.157Z",1.09074,1.0908
"exness","EURUSD","2023-06-27 00:16:53.208Z",1.09073,1.0908
"exness","EURUSD","2023-06-27 00:16:54.743Z",1.09073,1.09079
"exness","EURUSD","2023-06-27 00:16:55.994Z",1.09074,1.09079
"exness","EURUSD","2023-06-27 00:16:57.228Z",1.09074,1.0908
"exness","EURUSD","2023-06-27 00:16:58.245Z",1.0907499999999999,1.09081
"exness","EURUSD","2023-06-27 00:16:58.562Z",1.09076,1.09083
"exness","EURUSD","2023-06-27 00:17:00.060Z",1.09077,1.09083
"exness","EURUSD","2023-06-27 00:17:02.585Z",1.09078,1.09083
"exness","EURUSD","2023-06-27 00:17:04.050Z",1.09076,1.09082
"exness","EURUSD","2023-06-27 00:17:08.708Z",1.09077,1.09083
"exness","EURUSD","2023-06-27 00:17:22.149Z",1.0907499999999999,1.09082
"exness","EURUSD","2023-06-27 00:17:23.473Z",1.0907499999999999,1.09081
"exness","EURUSD","2023-06-27 00:17:46.500Z",1.09074,1.0908
"exness","EURUSD","2023-06-27 00:17:48.828Z",1.09073,1.09079
"exness","EURUSD","2023-06-27 00:17:50.241Z",1.09072,1.09078
"exness","EURUSD","2023-06-27 00:17:51.566Z",1.09073,1.09078
"exness","EURUSD","2023-06-27 00:17:55.016Z",1.09073,1.09079
"exness","EURUSD","2023-06-27 00:17:55.060Z",1.0907499999999999,1.09081
"exness","EURUSD","2023-06-27 00:17:56.420Z",1.0907499999999999,1.09082
"exness","EURUSD","2023-06-27 00:17:57.829Z",1.09076,1.09081
"exness","EURUSD","2023-06-27 00:18:02.880Z",1.0907499999999999,1.09082
"exness","EURUSD","2023-06-27 00:18:03.952Z",1.09076,1.09082
"exness","EURUSD","2023-06-27 00:18:05.168Z",1.09077,1.09084
"exness","EURUSD","2023-06-27 00:18:06.633Z",1.09078,1.09083
"exness","EURUSD","2023-06-27 00:18:13.642Z",1.09076,1.09083
"exness","EURUSD","2023-06-27 00:18:15.761Z",1.09076,1.09082
"exness","EURUSD","2023-06-27 00:18:16.855Z",1.09076,1.09083
"exness","EURUSD","2023-06-27 00:18:17.930Z",1.09077,1.09083
"exness","EURUSD","2023-06-27 00:18:23.854Z",1.09077,1.09082
"exness","EURUSD","2023-06-27 00:18:33.750Z",1.09077,1.09083
"exness","EURUSD","2023-06-27 00:18:35.559Z",1.09078,1.09085
"exness","EURUSD","2023-06-27 00:18:35.607Z",1.0908,1.09086
"exness","EURUSD","2023-06-27 00:18:36.653Z",1.09081,1.09086
"exness","EURUSD","2023-06-27 00:18:36.883Z",1.09081,1.09088
"exness","EURUSD","2023-06-27 00:18:37.928Z",1.09083,1.09089
"exness","EURUSD","2023-06-27 00:18:39.017Z",1.09083,1.09088
"exness","EURUSD","2023-06-27 00:18:43.994Z",1.09082,1.09088
"exness","EURUSD","2023-06-27 00:18:44.411Z",1.09081,1.09087
"exness","EURUSD","2023-06-27 00:18:45.427Z",1.0908,1.09086
"exness","EURUSD","2023-06-27 00:18:47.995Z",1.09078,1.09084
"exness","EURUSD","2023-06-27 00:18:50.130Z",1.09079,1.09084
"exness","EURUSD","2023-06-27 00:18:58.573Z",1.09078,1.09084
"exness","EURUSD","2023-06-27 00:19:06.314Z",1.09077,1.09083
"exness","EURUSD","2023-06-27 00:19:08.744Z",1.09078,1.09084
"exness","EURUSD","2023-06-27 00:19:09.912Z",1.09078,1.09083
"exness","EURUSD","2023-06-27 00:19:11.382Z",1.09079,1.09085
"exness","EURUSD","2023-06-27 00:19:12.880Z",1.09079,1.09086
"exness","EURUSD","2023-06-27 00:19:16.457Z",1.09078,1.09084
"exness","EURUSD","2023-06-27 00:19:16.938Z",1.09078,1.09083
"exness","EURUSD","2023-06-27 00:19:22.400Z",1.09077,1.09082
"exness","EURUSD","2023-06-27 00:19:23.447Z",1.09078,1.09084
"exness","EURUSD","2023-06-27 00:19:26.332Z",1.09077,1.09083
"exness","EURUSD","2023-06-27 00:19:27.361Z",1.09077,1.09084
"exness","EURUSD","2023-06-27 00:19:28.432Z",1.09078,1.09084
"exness","EURUSD","2023-06-27 00:19:31.515Z",1.09078,1.09083
"exness","EURUSD","2023-06-27 00:19:32.554Z",1.09077,1.09084
"exness","EURUSD","2023-06-27 00:19:37.948Z",1.09079,1.09085
"exness","EURUSD","2023-06-27 00:19:39.843Z",1.0908,1.09086
"exness","EURUSD","2023-06-27 00:19:42.068Z",1.09081,1.09086
"exness","EURUSD","2023-06-27 00:19:45.668Z",1.0908,1.09085
"exness","EURUSD","2023-06-27 00:19:46.677Z",1.09079,1.09085
"exness","EURUSD","2023-06-27 00:19:48.486Z",1.09079,1.09086
"exness","EURUSD","2023-06-27 00:19:51.973Z",1.09079,1.09085
"exness","EURUSD","2023-06-27 00:19:55.584Z",1.09078,1.09083
"exness","EURUSD","2023-06-27 00:19:59.099Z",1.09078,1.09084
"exness","EURUSD","2023-06-27 00:19:59.759Z",1.09079,1.09085
"exness","EURUSD","2023-06-27 00:20:01.034Z",1.09079,1.09086
"exness","EURUSD","2023-06-27 00:20:03.686Z",1.0908,1.09086
"exness","EURUSD","2023-06-27 00:20:05.235Z",1.09081,1.09086
"exness","EURUSD","2023-06-27 00:20:10.788Z",1.09079,1.09086
"exness","EURUSD","2023-06-27 00:20:12.351Z",1.09079,1.09085
"exness","EURUSD","2023-06-27 00:20:15.434Z",1.09079,1.09086
"exness","EURUSD","2023-06-27 00:20:17.455Z",1.09079,1.09085
"exness","EURUSD","2023-06-27 00:20:22.041Z",1.0908,1.09085
"exness","EURUSD","2023-06-27 00:20:26.393Z",1.09079,1.09085
"exness","EURUSD","2023-06-27 00:20:26.428Z",1.09077,1.09083
"exness","EURUSD","2023-06-27 00:20:28.865Z",1.09076,1.09082
"exness","EURUSD","2023-06-27 00:20:29.985Z",1.09077,1.09082
"exness","EURUSD","2023-06-27 00:20:31.082Z",1.09077,1.09083
"exness","EURUSD","2023-06-27 00:20:35.924Z",1.09076,1.09082
"exness","EURUSD","2023-06-27 00:20:41.086Z",1.09076,1.09081
"exness","EURUSD","2023-06-27 00:20:48.193Z",1.09076,1.09082
"exness","EURUSD","2023-06-27 00:20:49.403Z",1.09077,1.09083
"exness","EURUSD","2023-06-27 00:20:50.689Z",1.09078,1.09083
"exness","EURUSD","2023-06-27 00:20:52.208Z",1.09077,1.09084
"exness","EURUSD","2023-06-27 00:20:54.912Z",1.09079,1.09085
"exness","EURUSD","2023-06-27 00:21:00.131Z",1.09078,1.09084
"exness","EURUSD","2023-06-27 00:21:01.298Z",1.09078,1.09083
"exness","EURUSD","2023-06-27 00:21:04.319Z",1.09078,1.09085
"exness","EURUSD","2023-06-27 00:21:05.736Z",1.09079,1.09085
"exness","EURUSD","2023-06-27 00:21:14.088Z",1.09079,1.09086
"exness","EURUSD","2023-06-27 00:21:19.757Z",1.0908,1.09086
"exness","EURUSD","2023-06-27 00:21:21.010Z",1.09079,1.09086
"exness","EURUSD","2023-06-27 00:21:22.056Z",1.09079,1.09085
"exness","EURUSD","2023-06-27 00:21:26.071Z",1.0908,1.09087
"exness","EURUSD","2023-06-27 00:21:31.249Z",1.0908,1.09086
"exness","EURUSD","2023-06-27 00:21:33.322Z",1.0908,1.09085
"exness","EURUSD","2023-06-27 00:21:35.968Z",1.09079,1.09086
"exness","EURUSD","2023-06-27 00:21:37.106Z",1.09079,1.09085
"exness","EURUSD","2023-06-27 00:21:41.522Z",1.09081,1.09087
"exness","EURUSD","2023-06-27 00:21:53.227Z",1.09082,1.09087
"exness","EURUSD","2023-06-27 00:21:58.250Z",1.09081,1.09086
"exness","EURUSD","2023-06-27 00:22:02.313Z",1.0908,1.09086
"exness","EURUSD","2023-06-27 00:22:13.094Z",1.0908,1.09087
"exness","EURUSD","2023-06-27 00:22:17.662Z",1.0908,1.09086
"exness","EURUSD","2023-06-27 00:22:19.670Z",1.0908,1.09085
"exness","EURUSD","2023-06-27 00:22:22.391Z",1.0908,1.09086
"exness","EURUSD","2023-06-27 00:22:42.011Z",1.09078,1.09084
"exness","EURUSD","2023-06-27 00:22:43.110Z",1.09077,1.09083
"exness","EURUSD","2023-06-27 00:22:44.115Z",1.09077,1.09082
"exness","EURUSD","2023-06-27 00:22:45.874Z",1.09076,1.09082
"exness","EURUSD","2023-06-27 00:22:50.820Z",1.0907499999999999,1.09082
"exness","EURUSD","2023-06-27 00:22:51.904Z",1.09074,1.09081
"exness","EURUSD","2023-06-27 00:22:52.912Z",1.0907499999999999,1.09081
"exness","EURUSD","2023-06-27 00:23:20.975Z",1.09076,1.09082
"exness","EURUSD","2023-06-27 00:23:21.336Z",1.09078,1.09084
"exness","EURUSD","2023-06-27 00:23:22.472Z",1.09079,1.09084
"exness","EURUSD","2023-06-27 00:23:24.581Z",1.09079,1.09085
"exness","EURUSD","2023-06-27 00:23:37.212Z",1.09078,1.09085
"exness","EURUSD","2023-06-27 00:23:38.483Z",1.09077,1.09084
"exness","EURUSD","2023-06-27 00:23:44.253Z",1.09077,1.09083
"exness","EURUSD","2023-06-27 00:23:45.259Z",1.09078,1.09083
"exness","EURUSD","2023-06-27 00:23:49.906Z",1.09077,1.09084
"exness","EURUSD","2023-06-27 00:23:51.357Z",1.09078,1.09084
"exness","EURUSD","2023-06-27 00:24:00.363Z",1.09077,1.09084
"exness","EURUSD","2023-06-27 00:24:01.460Z",1.09078,1.09084
"exness","EURUSD","2023-06-27 00:24:01.761Z",1.09076,1.09082
"exness","EURUSD","2023-06-27 00:24:03.344Z",1.0907499999999999,1.09081
"exness","EURUSD","2023-06-27 00:24:04.832Z",1.09076,1.09081
"exness","EURUSD","2023-06-27 00:24:06.853Z",1.0907499999999999,1.09081
"exness","EURUSD","2023-06-27 00:24:07.187Z",1.09074,1.0908
"exness","EURUSD","2023-06-27 00:24:08.216Z",1.09073,1.09079
"exness","EURUSD","2023-06-27 00:24:09.699Z",1.09074,1.09079
"exness","EURUSD","2023-06-27 00:24:12.206Z",1.09074,1.0908
"exness","EURUSD","2023-06-27 00:24:14.000Z",1.09074,1.09079
"exness","EURUSD","2023-06-27 00:24:15.130Z",1.09074,1.0908
"exness","EURUSD","2023-06-27 00:24:16.880Z",1.09073,1.0908
"exness","EURUSD","2023-06-27 00:24:19.346Z",1.09073,1.09079
"exness","EURUSD","2023-06-27 00:24:26.800Z",1.0907499999999999,1.0908
"exness","EURUSD","2023-06-27 00:24:33.419Z",1.09074,1.0908
"exness","EURUSD","2023-06-27 00:24:44.731Z",1.09072,1.09078
"exness","EURUSD","2023-06-27 00:24:46.281Z",1.09072,1.09079
"exness","EURUSD","2023-06-27 00:24:47.827Z",1.09072,1.09078
"exness","EURUSD","2023-06-27 00:24:49.810Z",1.09073,1.09078
"exness","EURUSD","2023-06-27 00:24:54.002Z",1.09072,1.09078
"exness","EURUSD","2023-06-27 00:24:59.515Z",1.09074,1.0908
"exness","EURUSD","2023-06-27 00:24:59.529Z",1.0907499999999999,1.09082
"exness","EURUSD","2023-06-27 00:24:59.584Z",1.09077,1.09083
"exness","EURUSD","2023-06-27 00:25:00.698Z",1.09076,1.09083
"exness","EURUSD","2023-06-27 00:25:01.845Z",1.09076,1.09082
"exness","EURUSD","2023-06-27 00:25:02.391Z",1.0907499999999999,1.09081
"exness","EURUSD","2023-06-27 00:25:04.074Z",1.09074,1.0908
"exness","EURUSD","2023-06-27 00:25:12.135Z",1.09076,1.09082
"exness","EURUSD","2023-06-27 00:25:16.289Z",1.0907499999999999,1.09082
"exness","EURUSD","2023-06-27 00:25:16.465Z",1.09077,1.09083
"exness","EURUSD","2023-06-27 00:25:18.194Z",1.09078,1.09083
"exness","EURUSD","2023-06-27 00:25:22.077Z",1.09076,1.09082
"exness","EURUSD","2023-06-27 00:25:24.926Z",1.09077,1.09083
"exness","EURUSD","2023-06-27 00:25:29.774Z",1.09076,1.09082
"exness","EURUSD","2023-06-27 00:25:35.613Z",1.09077,1.09083
"exness","EURUSD","2023-06-27 00:25:38.122Z",1.09077,1.09082
"exness","EURUSD","2023-06-27 00:25:42.121Z",1.09078,1.09083
"exness","EURUSD","2023-06-27 00:25:43.146Z",1.09077,1.09083
"exness","EURUSD","2023-06-27 00:25:45.535Z",1.09076,1.09083
"exness","EURUSD","2023-06-27 00:25:47.790Z",1.09077,1.09083
"exness","EURUSD","2023-06-27 00:25:52.581Z",1.09077,1.09084
"exness","EURUSD","2023-06-27 00:25:55.415Z",1.09078,1.09083
"exness","EURUSD","2023-06-27 00:26:01.365Z",1.09077,1.09083
"exness","EURUSD","2023-06-27 00:26:04.560Z",1.09076,1.09083
"exness","EURUSD","2023-06-27 00:26:05.008Z",1.0907499999999999,1.09081
"exness","EURUSD","2023-06-27 00:26:06.065Z",1.09074,1.0908
"exness","EURUSD","2023-06-27 00:26:06.338Z",1.09076,1.09081
"exness","EURUSD","2023-06-27 00:26:09.401Z",1.0907499999999999,1.09081
"exness","EURUSD","2023-06-27 00:26:09.973Z",1.09074,1.09079
"exness","EURUSD","2023-06-27 00:26:10.044Z",1.0907499999999999,1.09081
"exness","EURUSD","2023-06-27 00:26:13.253Z",1.0907499999999999,1.09082
"exness","EURUSD","2023-06-27 00:26:15.410Z",1.09076,1.09081
"exness","EURUSD","2023-06-27 00:26:16.727Z",1.09077,1.09082
"exness","EURUSD","2023-06-27 00:26:28.916Z",1.09076,1.09082
"exness","EURUSD","2023-06-27 00:26:35.408Z",1.0907499999999999,1.09082
"exness","EURUSD","2023-06-27 00:26:40.230Z",1.09074,1.0908
"exness","EURUSD","2023-06-27 00:26:41.239Z",1.0907499999999999,1.0908
"exness","EURUSD","2023-06-27 00:26:44.288Z",1.09074,1.0908
"exness","EURUSD","2023-06-27 00:26:45.026Z",1.0907499999999999,1.09081
"exness","EURUSD","2023-06-27 00:26:45.820Z",1.09076,1.09081
"exness","EURUSD","2023-06-27 00:26:46.115Z",1.09077,1.09083
"exness","EURUSD","2023-06-27 00:26:48.165Z",1.09076,1.09082
"exness","EURUSD","2023-06-27 00:26:49.949Z",1.0907499999999999,1.09082
"exness","EURUSD","2023-06-27 00:26:55.168Z",1.09076,1.09081
"exness","EURUSD","2023-06-27 00:26:58.402Z",1.09076,1.09083
"exness","EURUSD","2023-06-27 00:26:59.846Z",1.09078,1.09083
"exness","EURUSD","2023-06-27 00:27:01.344Z",1.09077,1.09083
"exness","EURUSD","2023-06-27 00:27:02.658Z",1.09077,1.09084
"exness","EURUSD","2023-06-27 00:27:03.962Z",1.09077,1.09083
"exness","EURUSD","2023-06-27 00:27:05.449Z",1.09077,1.09082
"exness","EURUSD","2023-06-27 00:27:06.661Z",1.09076,1.09082
"exness","EURUSD","2023-06-27 00:27:10.175Z",1.09077,1.09083
"exness","EURUSD","2023-06-27 00:27:11.299Z",1.09078,1.09083
"exness","EURUSD","2023-06-27 00:27:12.659Z",1.09077,1.09083
"exness","EURUSD","2023-06-27 00:27:20.308Z",1.09078,1.09083
"exness","EURUSD","2023-06-27 00:27:24.182Z",1.09077,1.09083
"exness","EURUSD","2023-06-27 00:27:24.914Z",1.09078,1.09085
"exness","EURUSD","2023-06-27 00:27:25.892Z",1.0908,1.09086
"exness","EURUSD","2023-06-27 00:27:29.085Z",1.0908,1.09085
"exness","EURUSD","2023-06-27 00:27:30.562Z",1.09079,1.09085
"exness","EURUSD","2023-06-27 00:27:34.640Z",1.09078,1.09084
"exness","EURUSD","2023-06-27 00:27:37.125Z",1.09079,1.09084
"exness","EURUSD","2023-06-27 00:27:39.118Z",1.09078,1.09084
"exness","EURUSD","2023-06-27 00:27:47.129Z",1.09079,1.09085
"exness","EURUSD","2023-06-27 00:27:50.862Z",1.09078,1.09085
"exness","EURUSD","2023-06-27 00:27:51.973Z",1.09079,1.09084
"exness","EURUSD","2023-06-27 00:27:54.259Z",1.09078,1.09084
"exness","EURUSD","2023-06-27 00:27:55.263Z",1.09077,1.09083
"exness","EURUSD","2023-06-27 00:27:56.291Z",1.09078,1.09083
"exness","EURUSD","2023-06-27 00:27:56.828Z",1.09079,1.09085
"exness","EURUSD","2023-06-27 00:27:57.619Z",1.09081,1.09086
"exness","EURUSD","2023-06-27 00:28:01.687Z",1.0908,1.09087
"exness","EURUSD","2023-06-27 00:28:04.116Z",1.0908,1.09086
"exness","EURUSD","2023-06-27 00:28:05.765Z",1.09079,1.09085
"exness","EURUSD","2023-06-27 00:28:07.979Z",1.09079,1.09084
"exness","EURUSD","2023-06-27 00:28:08.996Z",1.09079,1.09085
"exness","EURUSD","2023-06-27 00:28:11.536Z",1.09081,1.09086
"exness","EURUSD","2023-06-27 00:28:11.695Z",1.09081,1.09087
"exness","EURUSD","2023-06-27 00:28:11.722Z",1.09083,1.09089
"exness","EURUSD","2023-06-27 00:28:21.306Z",1.09084,1.09089
"exness","EURUSD","2023-06-27 00:28:22.733Z",1.09084,1.0909
"exness","EURUSD","2023-06-27 00:28:23.605Z",1.09086,1.09091
"exness","EURUSD","2023-06-27 00:28:25.068Z",1.09085,1.0909
"exness","EURUSD","2023-06-27 00:28:26.646Z",1.09084,1.0909
"exness","EURUSD","2023-06-27 00:28:30.448Z",1.09084,1.09089
"exness","EURUSD","2023-06-27 00:28:42.177Z",1.09084,1.0909
"exness","EURUSD","2023-06-27 00:28:44.276Z",1.09085,1.0909
"exness","EURUSD","2023-06-27 00:28:47.027Z",1.09084,1.0909
"exness","EURUSD","2023-06-27 00:28:49.107Z",1.09085,1.0909
"exness","EURUSD","2023-06-27 00:28:53.068Z",1.09084,1.0909
"exness","EURUSD","2023-06-27 00:28:58.593Z",1.09084,1.09091
"exness","EURUSD","2023-06-27 00:29:03.404Z",1.09084,1.0909
"exness","EURUSD","2023-06-27 00:29:05.653Z",1.09082,1.09089
"exness","EURUSD","2023-06-27 00:29:06.689Z",1.09082,1.09088
"exness","EURUSD","2023-06-27 00:29:08.771Z",1.09083,1.09088
"exness","EURUSD","2023-06-27 00:29:12.090Z",1.09082,1.09089
"exness","EURUSD","2023-06-27 00:29:14.395Z",1.09082,1.09088
"exness","EURUSD","2023-06-27 00:29:15.398Z",1.09082,1.09089
"exness","EURUSD","2023-06-27 00:29:26.519Z",1.09082,1.09087
"exness","EURUSD","2023-06-27 00:29:27.782Z",1.09082,1.09088
"exness","EURUSD","2023-06-27 00:29:29.030Z",1.09081,1.09088
"exness","EURUSD","2023-06-27 00:29:33.651Z",1.09082,1.09088
"exness","EURUSD","2023-06-27 00:29:47.238Z",1.09084,1.0909
"exness","EURUSD","2023-06-27 00:29:48.547Z",1.09084,1.09091
"exness","EURUSD","2023-06-27 00:29:53.962Z",1.09084,1.0909
"exness","EURUSD","2023-06-27 00:29:56.232Z",1.09084,1.09089
"exness","EURUSD","2023-06-27 00:29:58.219Z",1.09084,1.0909
"exness","EURUSD","2023-06-27 00:30:00.077Z",1.09085,1.09091
"exness","EURUSD","2023-06-27 00:30:01.143Z",1.09085,1.0909
"exness","EURUSD","2023-06-27 00:30:09.658Z",1.09084,1.0909
"exness","EURUSD","2023-06-27 00:30:10.713Z",1.09085,1.0909
"exness","EURUSD","2023-06-27 00:30:12.067Z",1.09084,1.0909
"exness","EURUSD","2023-06-27 00:30:13.390Z",1.09084,1.09091
"exness","EURUSD","2023-06-27 00:30:14.854Z",1.09085,1.0909
"exness","EURUSD","2023-06-27 00:30:16.044Z",1.09084,1.0909
"exness","EURUSD","2023-06-27 00:30:53.506Z",1.09085,1.0909200000000001
"exness","EURUSD","2023-06-27 00:30:54.730Z",1.09085,1.09091
"exness","EURUSD","2023-06-27 00:30:58.112Z",1.09083,1.0909
"exness","EURUSD","2023-06-27 00:30:58.143Z",1.09082,1.09088
"exness","EURUSD","2023-06-27 00:30:59.150Z",1.09081,1.09087
"exness","EURUSD","2023-06-27 00:31:00.045Z",1.09079,1.09085
"exness","EURUSD","2023-06-27 00:31:00.953Z",1.09079,1.09084
"exness","EURUSD","2023-06-27 00:31:06.245Z",1.09078,1.09084
"exness","EURUSD","2023-06-27 00:31:12.743Z",1.09078,1.09085
"exness","EURUSD","2023-06-27 00:31:13.916Z",1.09079,1.09085
"exness","EURUSD","2023-06-27 00:31:18.767Z",1.09078,1.09085
"exness","EURUSD","2023-06-27 00:31:24.519Z",1.09079,1.09085
"exness","EURUSD","2023-06-27 00:31:25.784Z",1.0908,1.09086
"exness","EURUSD","2023-06-27 00:31:30.312Z",1.0908,1.09087
"exness","EURUSD","2023-06-27 00:31:32.709Z",1.09081,1.09087
"exness","EURUSD","2023-06-27 00:31:34.170Z",1.09082,1.09088
"exness","EURUSD","2023-06-27 00:31:35.277Z",1.09083,1.09088
"exness","EURUSD","2023-06-27 00:31:35.647Z",1.09083,1.09089
"exness","EURUSD","2023-06-27 00:31:39.146Z",1.09084,1.09089
"exness","EURUSD","2023-06-27 00:31:40.751Z",1.09084,1.0909
"exness","EURUSD","2023-06-27 00:31:45.691Z",1.09085,1.0909200000000001
"exness","EURUSD","2023-06-27 00:31:46.739Z",1.09084,1.0909
"exness","EURUSD","2023-06-27 00:31:53.886Z",1.09084,1.09089
"exness","EURUSD","2023-06-27 00:31:56.785Z",1.09085,1.0909
"exness","EURUSD","2023-06-27 00:31:56.825Z",1.09085,1.09091
"exness","EURUSD","2023-06-27 00:31:56.868Z",1.09086,1.09091
"exness","EURUSD","2023-06-27 00:31:56.928Z",1.09085,1.09091
"exness","EURUSD","2023-06-27 00:31:58.275Z",1.09084,1.09089
"exness","EURUSD","2023-06-27 00:32:02.546Z",1.09084,1.0909
"exness","EURUSD","2023-06-27 00:32:09.515Z",1.09083,1.0909
"exness","EURUSD","2023-06-27 00:32:19.141Z",1.09083,1.09089
"exness","EURUSD","2023-06-27 00:32:23.643Z",1.09081,1.09088
"exness","EURUSD","2023-06-27 00:32:24.671Z",1.0908,1.09087
"exness","EURUSD","2023-06-27 00:32:25.153Z",1.09082,1.09088
"exness","EURUSD","2023-06-27 00:32:26.392Z",1.09084,1.09089
"exness","EURUSD","2023-06-27 00:32:33.915Z",1.09085,1.0909
"exness","EURUSD","2023-06-27 00:32:35.945Z",1.09084,1.09091
"exness","EURUSD","2023-06-27 00:32:45.499Z",1.09086,1.0909200000000001
"exness","EURUSD","2023-06-27 00:32:45.545Z",1.09088,1.09093
"exness","EURUSD","2023-06-27 00:32:46.544Z",1.09088,1.09094
"exness","EURUSD","2023-06-27 00:32:48.486Z",1.09086,1.09093
"exness","EURUSD","2023-06-27 00:32:51.896Z",1.09086,1.0909200000000001
"exness","EURUSD","2023-06-27 00:32:54.629Z",1.09087,1.0909200000000001
"exness","EURUSD","2023-06-27 00:32:57.526Z",1.09085,1.09091
"exness","EURUSD","2023-06-27 00:33:00.652Z",1.09087,1.0909200000000001
"exness","EURUSD","2023-06-27 00:33:01.696Z",1.09086,1.0909200000000001
"exness","EURUSD","2023-06-27 00:33:10.612Z",1.09085,1.0909200000000001
"exness","EURUSD","2023-06-27 00:33:14.308Z",1.09085,1.09091
"exness","EURUSD","2023-06-27 00:33:18.092Z",1.09086,1.09091
"exness","EURUSD","2023-06-27 00:33:26.531Z",1.09086,1.0909200000000001
"exness","EURUSD","2023-06-27 00:33:33.797Z",1.09087,1.09093
"exness","EURUSD","2023-06-27 00:33:34.774Z",1.09087,1.0909200000000001
"exness","EURUSD","2023-06-27 00:33:34.800Z",1.09087,1.09093
"exness","EURUSD","2023-06-27 00:33:34.862Z",1.09088,1.09093
"exness","EURUSD","2023-06-27 00:33:35.896Z",1.09089,1.09094
"exness","EURUSD","2023-06-27 00:33:37.389Z",1.09089,1.09095
"exness","EURUSD","2023-06-27 00:33:40.452Z",1.0909,1.09095
"exness","EURUSD","2023-06-27 00:33:41.588Z",1.09088,1.09094
"exness","EURUSD","2023-06-27 00:33:42.161Z",1.09087,1.0909200000000001
"exness","EURUSD","2023-06-27 00:33:43.546Z",1.09088,1.09093
"exness","EURUSD","2023-06-27 00:33:44.303Z",1.09089,1.09095
"exness","EURUSD","2023-06-27 00:33:49.262Z",1.09089,1.09096
"exness","EURUSD","2023-06-27 00:33:50.273Z",1.0909,1.09096
"exness","EURUSD","2023-06-27 00:33:50.567Z",1.09091,1.09096
"exness","EURUSD","2023-06-27 00:33:53.534Z",1.0909200000000001,1.09098
"exness","EURUSD","2023-06-27 00:33:53.553Z",1.09093,1.09099
"exness","EURUSD","2023-06-27 00:33:53.713Z",1.09095,1.09101
"exness","EURUSD","2023-06-27 00:33:53.756Z",1.09096,1.09103
"exness","EURUSD","2023-06-27 00:33:54.227Z",1.09098,1.09104
"exness","EURUSD","2023-06-27 00:33:54.797Z",1.091,1.09105
"exness","EURUSD","2023-06-27 00:33:56.089Z",1.09099,1.09104
"exness","EURUSD","2023-06-27 00:33:58.649Z",1.09098,1.09105
"exness","EURUSD","2023-06-27 00:33:59.690Z",1.09098,1.09104
"exness","EURUSD","2023-06-27 00:34:03.089Z",1.09097,1.09103
"exness","EURUSD","2023-06-27 00:34:05.671Z",1.09096,1.09102
"exness","EURUSD","2023-06-27 00:34:06.167Z",1.09094,1.09101
"exness","EURUSD","2023-06-27 00:34:06.185Z",1.09093,1.09099
"exness","EURUSD","2023-06-27 00:34:06.732Z",1.0909200000000001,1.09097
"exness","EURUSD","2023-06-27 00:34:08.210Z",1.09091,1.09097
"exness","EURUSD","2023-06-27 00:34:15.123Z",1.0909,1.09096
"exness","EURUSD","2023-06-27 00:34:17.433Z",1.0909200000000001,1.09098
"exness","EURUSD","2023-06-27 00:34:17.906Z",1.09094,1.09099
"exness","EURUSD","2023-06-27 00:34:21.277Z",1.09093,1.09099
"exness","EURUSD","2023-06-27 00:34:26.257Z",1.09093,1.091
"exness","EURUSD","2023-06-27 00:34:27.756Z",1.09094,1.091
"exness","EURUSD","2023-06-27 00:34:32.219Z",1.09095,1.09101
"exness","EURUSD","2023-06-27 00:34:34.115Z",1.09096,1.09101
"exness","EURUSD","2023-06-27 00:34:34.577Z",1.09094,1.091
"exness","EURUSD","2023-06-27 00:34:35.717Z",1.09094,1.09099
"exness","EURUSD","2023-06-27 00:34:38.788Z",1.09093,1.09099
"exness","EURUSD","2023-06-27 00:34:39.399Z",1.09091,1.09097
"exness","EURUSD","2023-06-27 00:34:40.837Z",1.09091,1.09096
"exness","EURUSD","2023-06-27 00:34:41.946Z",1.09091,1.09097
"exness","EURUSD","2023-06-27 00:34:51.300Z",1.09089,1.09095
"exness","EURUSD","2023-06-27 00:34:52.418Z",1.09088,1.09094
"exness","EURUSD","2023-06-27 00:34:56.707Z",1.0909,1.09096
"exness","EURUSD","2023-06-27 00:34:56.759Z",1.09091,1.09098
"exness","EURUSD","2023-06-27 00:34:57.787Z",1.0909200000000001,1.09098
"exness","EURUSD","2023-06-27 00:34:59.503Z",1.09093,1.09098
"exness","EURUSD","2023-06-27 00:35:06.334Z",1.0909200000000001,1.09098
"exness","EURUSD","2023-06-27 00:35:07.375Z",1.09091,1.09098
"exness","EURUSD","2023-06-27 00:35:08.475Z",1.0909200000000001,1.09098
"exness","EURUSD","2023-06-27 00:35:13.118Z",1.0909200000000001,1.09099
"exness","EURUSD","2023-06-27 00:35:14.457Z",1.0909200000000001,1.09098
"exness","EURUSD","2023-06-27 00:35:16.436Z",1.09094,1.091
"exness","EURUSD","2023-06-27 00:35:16.922Z",1.09095,1.091
"exness","EURUSD","2023-06-27 00:35:18.646Z",1.09096,1.09101
"exness","EURUSD","2023-06-27 00:35:19.772Z",1.09095,1.09101
"exness","EURUSD","2023-06-27 00:35:22.999Z",1.09096,1.09102
"exness","EURUSD","2023-06-27 00:35:30.230Z",1.09095,1.09101
"exness","EURUSD","2023-06-27 00:35:36.447Z",1.09095,1.09102
"exness","EURUSD","2023-06-27 00:35:46.769Z",1.09096,1.09103
"exness","EURUSD","2023-06-27 00:35:48.770Z",1.09096,1.09102
"exness","EURUSD","2023-06-27 00:35:52.906Z",1.09096,1.09101
"exness","EURUSD","2023-06-27 00:35:56.956Z",1.09095,1.09101
"exness","EURUSD","2023-06-27 00:36:03.383Z",1.09096,1.09102
"exness","EURUSD","2023-06-27 00:36:07.019Z",1.09095,1.09102
"exness","EURUSD","2023-06-27 00:36:11.148Z",1.09096,1.09102
"exness","EURUSD","2023-06-27 00:36:22.048Z",1.09097,1.09103
"exness","EURUSD","2023-06-27 00:36:23.127Z",1.09098,1.09104
"exness","EURUSD","2023-06-27 00:36:28.312Z",1.09097,1.09103
"exness","EURUSD","2023-06-27 00:36:29.461Z",1.09096,1.09103
"exness","EURUSD","2023-06-27 00:36:39.107Z",1.09097,1.09102
"exness","EURUSD","2023-06-27 00:36:47.003Z",1.09097,1.09104
"exness","EURUSD","2023-06-27 00:36:47.030Z",1.09099,1.09106
"exness","EURUSD","2023-06-27 00:36:47.040Z",1.09101,1.09107
"exness","EURUSD","2023-06-27 00:36:47.541Z",1.09102,1.09109
"exness","EURUSD","2023-06-27 00:36:48.975Z",1.09103,1.09108
"exness","EURUSD","2023-06-27 00:36:50.437Z",1.09103,1.09109
"exness","EURUSD","2023-06-27 00:36:52.672Z",1.09102,1.09109
"exness","EURUSD","2023-06-27 00:36:53.130Z",1.09104,1.0911
"exness","EURUSD","2023-06-27 00:36:55.171Z",1.09105,1.09111
"exness","EURUSD","2023-06-27 00:37:00.101Z",1.09104,1.0911
"exness","EURUSD","2023-06-27 00:37:08.676Z",1.09103,1.0911
"exness","EURUSD","2023-06-27 00:37:09.709Z",1.09104,1.0911
"exness","EURUSD","2023-06-27 00:37:12.943Z",1.09103,1.0911
"exness","EURUSD","2023-06-27 00:37:14.117Z",1.09104,1.09109
"exness","EURUSD","2023-06-27 00:37:15.120Z",1.09103,1.0911
"exness","EURUSD","2023-06-27 00:37:16.690Z",1.09104,1.09109
"exness","EURUSD","2023-06-27 00:37:18.844Z",1.09105,1.0911
"exness","EURUSD","2023-06-27 00:37:22.158Z",1.09104,1.09109
"exness","EURUSD","2023-06-27 00:37:23.220Z",1.09103,1.09108
"exness","EURUSD","2023-06-27 00:37:24.237Z",1.09103,1.09109
"exness","EURUSD","2023-06-27 00:37:25.433Z",1.09104,1.09109
"exness","EURUSD","2023-06-27 00:37:26.436Z",1.09103,1.09109
"exness","EURUSD","2023-06-27 00:37:28.464Z",1.09102,1.09109
"exness","EURUSD","2023-06-27 00:37:29.789Z",1.09103,1.09109
"exness","EURUSD","2023-06-27 00:37:30.831Z",1.09102,1.09109
"exness","EURUSD","2023-06-27 00:37:31.894Z",1.09103,1.09108
"exness","EURUSD","2023-06-27 00:37:32.350Z",1.09104,1.0911
"exness","EURUSD","2023-06-27 00:37:32.355Z",1.09105,1.09111
"exness","EURUSD","2023-06-27 00:37:32.379Z",1.09107,1.09113
"exness","EURUSD","2023-06-27 00:37:32.432Z",1.09108,1.09115
"exness","EURUSD","2023-06-27 00:37:33.762Z",1.0911,1.09115
"exness","EURUSD","2023-06-27 00:37:34.769Z",1.0911,1.09116
"exness","EURUSD","2023-06-27 00:37:35.947Z",1.09111,1.09117
"exness","EURUSD","2023-06-27 00:37:37.005Z",1.0911,1.09117
"exness","EURUSD","2023-06-27 00:37:38.013Z",1.09111,1.09117
"exness","EURUSD","2023-06-27 00:37:40.734Z",1.09109,1.09116
"exness","EURUSD","2023-06-27 00:37:41.759Z",1.09109,1.09114
"exness","EURUSD","2023-06-27 00:37:43.644Z",1.0911,1.09116
"exness","EURUSD","2023-06-27 00:37:44.773Z",1.0911,1.09117
"exness","EURUSD","2023-06-27 00:37:45.984Z",1.09111,1.09116
"exness","EURUSD","2023-06-27 00:37:50.900Z",1.0911,1.09116
"exness","EURUSD","2023-06-27 00:37:50.924Z",1.09108,1.09114
"exness","EURUSD","2023-06-27 00:37:51.944Z",1.09107,1.09113
"exness","EURUSD","2023-06-27 00:37:53.600Z",1.09107,1.09112
"exness","EURUSD","2023-06-27 00:37:58.016Z",1.09106,1.09113
"exness","EURUSD","2023-06-27 00:38:06.408Z",1.09106,1.09112
"exness","EURUSD","2023-06-27 00:38:08.407Z",1.09105,1.09111
"exness","EURUSD","2023-06-27 00:38:08.462Z",1.09104,1.09109
"exness","EURUSD","2023-06-27 00:38:08.878Z",1.09102,1.09109
"exness","EURUSD","2023-06-27 00:38:10.062Z",1.09102,1.09108
"exness","EURUSD","2023-06-27 00:38:13.374Z",1.09104,1.0911
"exness","EURUSD","2023-06-27 00:38:14.828Z",1.09104,1.09109
"exness","EURUSD","2023-06-27 00:38:16.273Z",1.09104,1.0911
"exness","EURUSD","2023-06-27 00:38:17.425Z",1.09103,1.0911
"exness","EURUSD","2023-06-27 00:38:18.160Z",1.09105,1.09111
"exness","EURUSD","2023-06-27 00:38:22.198Z",1.09104,1.09111
"exness","EURUSD","2023-06-27 00:38:23.276Z",1.09105,1.0911
"exness","EURUSD","2023-06-27 00:38:27.941Z",1.09104,1.0911
"exness","EURUSD","2023-06-27 00:38:30.113Z",1.09104,1.09109
"exness","EURUSD","2023-06-27 00:38:31.114Z",1.09103,1.09109
"exness","EURUSD","2023-06-27 00:38:32.123Z",1.09104,1.09109
"exness","EURUSD","2023-06-27 00:38:32.354Z",1.09102,1.09108
"exness","EURUSD","2023-06-27 00:38:32.383Z",1.09104,1.0911
"exness","EURUSD","2023-06-27 00:38:32.401Z",1.09105,1.09112
"exness","EURUSD","2023-06-27 00:38:32.442Z",1.09107,1.09113
"exness","EURUSD","2023-06-27 00:38:35.117Z",1.09106,1.09113
"exness","EURUSD","2023-06-27 00:38:39.451Z",1.09106,1.09112
"exness","EURUSD","2023-06-27 00:38:41.863Z",1.09105,1.09112
"exness","EURUSD","2023-06-27 00:38:47.027Z",1.09105,1.09111
"exness","EURUSD","2023-06-27 00:38:48.858Z",1.09104,1.0911
"exness","EURUSD","2023-06-27 00:38:48.878Z",1.09105,1.09111
"exness","EURUSD","2023-06-27 00:38:49.053Z",1.09107,1.09112
"exness","EURUSD","2023-06-27 00:38:53.317Z",1.09106,1.09112
"exness","EURUSD","2023-06-27 00:38:56.542Z",1.09106,1.09113
"exness","EURUSD","2023-06-27 00:38:59.582Z",1.09106,1.09112
"exness","EURUSD","2023-06-27 00:39:02.162Z",1.09106,1.09113
"exness","EURUSD","2023-06-27 00:39:05.614Z",1.09106,1.09112
"exness","EURUSD","2023-06-27 00:39:22.905Z",1.09107,1.09113
"exness","EURUSD","2023-06-27 00:39:25.327Z",1.09105,1.09112
"exness","EURUSD","2023-06-27 00:39:26.590Z",1.09106,1.09111
"exness","EURUSD","2023-06-27 00:39:29.698Z",1.09106,1.09112
"exness","EURUSD","2023-06-27 00:39:33.220Z",1.09107,1.09112
"exness","EURUSD","2023-06-27 00:39:38.132Z",1.09106,1.09112
"exness","EURUSD","2023-06-27 00:39:39.278Z",1.09106,1.09113
"exness","EURUSD","2023-06-27 00:39:41.579Z",1.09107,1.09113
"exness","EURUSD","2023-06-27 00:40:02.828Z",1.09106,1.09112
"exness","EURUSD","2023-06-27 00:40:10.795Z",1.09105,1.09111
"exness","EURUSD","2023-06-27 00:40:12.478Z",1.09104,1.09111
"exness","EURUSD","2023-06-27 00:40:16.995Z",1.09104,1.0911
"exness","EURUSD","2023-06-27 00:40:19.934Z",1.09105,1.09112
"exness","EURUSD","2023-06-27 00:40:21.479Z",1.09107,1.09113
"exness","EURUSD","2023-06-27 00:40:22.612Z",1.09105,1.09112
"exness","EURUSD","2023-06-27 00:40:23.746Z",1.09106,1.09111
"exness","EURUSD","2023-06-27 00:40:24.814Z",1.09106,1.09112
"exness","EURUSD","2023-06-27 00:40:30.349Z",1.09107,1.09114
"exness","EURUSD","2023-06-27 00:40:30.971Z",1.09109,1.09114
"exness","EURUSD","2023-06-27 00:40:32.572Z",1.09109,1.09115
"exness","EURUSD","2023-06-27 00:40:36.726Z",1.09108,1.09115
"exness","EURUSD","2023-06-27 00:40:40.000Z",1.09109,1.09115
"exness","EURUSD","2023-06-27 00:40:47.153Z",1.09109,1.09116
"exness","EURUSD","2023-06-27 00:40:54.013Z",1.0911,1.09115
"exness","EURUSD","2023-06-27 00:40:59.323Z",1.09109,1.09116
"exness","EURUSD","2023-06-27 00:41:01.482Z",1.09108,1.09114
"exness","EURUSD","2023-06-27 00:41:02.467Z",1.09108,1.09113
"exness","EURUSD","2023-06-27 00:41:03.031Z",1.09106,1.09112
"exness","EURUSD","2023-06-27 00:41:03.139Z",1.09105,1.0911
"exness","EURUSD","2023-06-27 00:41:05.198Z",1.09104,1.0911
"exness","EURUSD","2023-06-27 00:41:07.380Z",1.09103,1.09108
"exness","EURUSD","2023-06-27 00:41:08.048Z",1.09101,1.09108
"exness","EURUSD","2023-06-27 00:41:10.028Z",1.091,1.09106
"exness","EURUSD","2023-06-27 00:41:14.255Z",1.09101,1.09106
"exness","EURUSD","2023-06-27 00:41:15.285Z",1.09101,1.09107
"exness","EURUSD","2023-06-27 00:41:16.316Z",1.091,1.09107
"exness","EURUSD","2023-06-27 00:41:18.860Z",1.09101,1.09107
"exness","EURUSD","2023-06-27 00:41:20.140Z",1.091,1.09106
"exness","EURUSD","2023-06-27 00:41:21.210Z",1.09101,1.09106
"exness","EURUSD","2023-06-27 00:41:24.162Z",1.09099,1.09106
"exness","EURUSD","2023-06-27 00:41:24.236Z",1.09098,1.09104
"exness","EURUSD","2023-06-27 00:41:25.288Z",1.09097,1.09104
"exness","EURUSD","2023-06-27 00:41:27.069Z",1.09096,1.09102
"exness","EURUSD","2023-06-27 00:41:27.083Z",1.09094,1.09101
"exness","EURUSD","2023-06-27 00:41:27.091Z",1.09093,1.09099
"exness","EURUSD","2023-06-27 00:41:28.168Z",1.0909200000000001,1.09098
"exness","EURUSD","2023-06-27 00:41:29.645Z",1.09093,1.09098
"exness","EURUSD","2023-06-27 00:41:31.166Z",1.09091,1.09097
"exness","EURUSD","2023-06-27 00:41:32.409Z",1.0909200000000001,1.09098
"exness","EURUSD","2023-06-27 00:41:34.569Z",1.09091,1.09097
"exness","EURUSD","2023-06-27 00:41:39.950Z",1.0909,1.09096
"exness","EURUSD","2023-06-27 00:41:43.325Z",1.0909200000000001,1.09098
"exness","EURUSD","2023-06-27 00:41:44.552Z",1.09091,1.09098
"exness","EURUSD","2023-06-27 00:41:49.899Z",1.0909,1.09096
"exness","EURUSD","2023-06-27 00:41:52.145Z",1.09088,1.09095
"exness","EURUSD","2023-06-27 00:41:53.223Z",1.09089,1.09094
"exness","EURUSD","2023-06-27 00:41:54.696Z",1.09088,1.09094
"exness","EURUSD","2023-06-27 00:41:58.198Z",1.09089,1.09096
"exness","EURUSD","2023-06-27 00:41:59.801Z",1.0909,1.09095
"exness","EURUSD","2023-06-27 00:42:01.832Z",1.09088,1.09095
"exness","EURUSD","2023-06-27 00:42:02.854Z",1.09088,1.09094
"exness","EURUSD","2023-06-27 00:42:04.972Z",1.09089,1.09095
"exness","EURUSD","2023-06-27 00:42:08.824Z",1.0909,1.09097
"exness","EURUSD","2023-06-27 00:42:08.886Z",1.0909200000000001,1.09098
"exness","EURUSD","2023-06-27 00:42:09.157Z",1.09093,1.091
"exness","EURUSD","2023-06-27 00:42:10.218Z",1.09094,1.09099
"exness","EURUSD","2023-06-27 00:42:11.836Z",1.09093,1.09099
"exness","EURUSD","2023-06-27 00:42:14.381Z",1.09093,1.091
"exness","EURUSD","2023-06-27 00:42:15.589Z",1.09093,1.09099
"exness","EURUSD","2023-06-27 00:42:16.879Z",1.09093,1.091
"exness","EURUSD","2023-06-27 00:42:23.941Z",1.09094,1.091
"exness","EURUSD","2023-06-27 00:42:36.380Z",1.09093,1.091
"exness","EURUSD","2023-06-27 00:42:37.410Z",1.09094,1.091
"exness","EURUSD","2023-06-27 00:42:52.620Z",1.09093,1.091
"exness","EURUSD","2023-06-27 00:42:54.769Z",1.09093,1.09099
"exness","EURUSD","2023-06-27 00:42:55.995Z",1.09093,1.09098
"exness","EURUSD","2023-06-27 00:42:57.109Z",1.09093,1.09099
"exness","EURUSD","2023-06-27 00:42:58.182Z",1.09093,1.091
"exness","EURUSD","2023-06-27 00:43:01.929Z",1.09094,1.09099
"exness","EURUSD","2023-06-27 00:43:06.942Z",1.09093,1.091
"exness","EURUSD","2023-06-27 00:43:07.535Z",1.0909200000000001,1.09098
"exness","EURUSD","2023-06-27 00:43:07.557Z",1.0909,1.09096
"exness","EURUSD","2023-06-27 00:43:13.571Z",1.0909,1.09095
"exness","EURUSD","2023-06-27 00:43:20.157Z",1.09089,1.09095
"exness","EURUSD","2023-06-27 00:43:21.177Z",1.09089,1.09096
"exness","EURUSD","2023-06-27 00:43:22.409Z",1.09089,1.09095
"exness","EURUSD","2023-06-27 00:43:38.164Z",1.09088,1.09094
"exness","EURUSD","2023-06-27 00:43:39.073Z",1.09086,1.09093
"exness","EURUSD","2023-06-27 00:43:39.368Z",1.09085,1.09091
"exness","EURUSD","2023-06-27 00:43:43.296Z",1.09085,1.0909
"exness","EURUSD","2023-06-27 00:43:44.594Z",1.09084,1.09089
"exness","EURUSD","2023-06-27 00:43:46.165Z",1.09085,1.09091
"exness","EURUSD","2023-06-27 00:43:46.524Z",1.09087,1.0909200000000001
"exness","EURUSD","2023-06-27 00:43:48.688Z",1.09086,1.09091
"exness","EURUSD","2023-06-27 00:43:49.964Z",1.09086,1.0909200000000001
"exness","EURUSD","2023-06-27 00:43:55.373Z",1.09085,1.09091
"exness","EURUSD","2023-06-27 00:44:00.347Z",1.09086,1.09091
"exness","EURUSD","2023-06-27 00:44:02.542Z",1.09085,1.09091
"exness","EURUSD","2023-06-27 00:44:02.562Z",1.09083,1.09089
"exness","EURUSD","2023-06-27 00:44:02.590Z",1.09081,1.09088
"exness","EURUSD","2023-06-27 00:44:02.736Z",1.0908,1.09086
"exness","EURUSD","2023-06-27 00:44:03.793Z",1.0908,1.09085
"exness","EURUSD","2023-06-27 00:44:04.619Z",1.09079,1.09085
"exness","EURUSD","2023-06-27 00:44:05.689Z",1.09078,1.09084
"exness","EURUSD","2023-06-27 00:44:10.523Z",1.09078,1.09085
"exness","EURUSD","2023-06-27 00:44:18.124Z",1.09077,1.09083
"exness","EURUSD","2023-06-27 00:44:18.386Z",1.0907499999999999,1.09081
"exness","EURUSD","2023-06-27 00:44:20.164Z",1.09074,1.09081
"exness","EURUSD","2023-06-27 00:44:22.715Z",1.09074,1.09079
"exness","EURUSD","2023-06-27 00:44:27.774Z",1.09073,1.0908
"exness","EURUSD","2023-06-27 00:44:29.860Z",1.09073,1.09079
"exness","EURUSD","2023-06-27 00:44:33.469Z",1.09073,1.0908
"exness","EURUSD","2023-06-27 00:44:40.496Z",1.09074,1.0908
"exness","EURUSD","2023-06-27 00:44:41.697Z",1.0907499999999999,1.0908
"exness","EURUSD","2023-06-27 00:44:43.809Z",1.0907499999999999,1.09081
"exness","EURUSD","2023-06-27 00:44:44.865Z",1.0907499999999999,1.0908
"exness","EURUSD","2023-06-27 00:44:49.099Z",1.0907499999999999,1.09081
"exness","EURUSD","2023-06-27 00:44:53.574Z",1.0907499999999999,1.09082
"exness","EURUSD","2023-06-27 00:44:58.008Z",1.0907499999999999,1.09081
"exness","EURUSD","2023-06-27 00:45:00.851Z",1.09077,1.09083
"exness","EURUSD","2023-06-27 00:45:01.812Z",1.09078,1.09084
"exness","EURUSD","2023-06-27 00:45:01.831Z",1.0908,1.09086
"exness","EURUSD","2023-06-27 00:45:01.846Z",1.09081,1.09088
"exness","EURUSD","2023-06-27 00:45:02.941Z",1.09083,1.09089
"exness","EURUSD","2023-06-27 00:45:03.173Z",1.09081,1.09086
"exness","EURUSD","2023-06-27 00:45:04.230Z",1.09081,1.09087
"exness","EURUSD","2023-06-27 00:45:05.524Z",1.0908,1.09087
"exness","EURUSD","2023-06-27 00:45:06.591Z",1.09079,1.09086
"exness","EURUSD","2023-06-27 00:45:16.640Z",1.09081,1.09086
"exness","EURUSD","2023-06-27 00:45:17.084Z",1.09079,1.09085
"exness","EURUSD","2023-06-27 00:45:17.105Z",1.09078,1.09084
"exness","EURUSD","2023-06-27 00:45:17.194Z",1.09076,1.09082
"exness","EURUSD","2023-06-27 00:45:18.620Z",1.09076,1.09081
"exness","EURUSD","2023-06-27 00:45:20.296Z",1.09077,1.09083
"exness","EURUSD","2023-06-27 00:45:21.752Z",1.09078,1.09084
"exness","EURUSD","2023-06-27 00:45:23.772Z",1.09076,1.09082
"exness","EURUSD","2023-06-27 00:45:25.222Z",1.09076,1.09081
"exness","EURUSD","2023-06-27 00:45:29.762Z",1.09076,1.09082
"exness","EURUSD","2023-06-27 00:45:29.831Z",1.0907499999999999,1.09081
"exness","EURUSD","2023-06-27 00:45:30.303Z",1.09074,1.09079
"exness","EURUSD","2023-06-27 00:45:33.024Z",1.09073,1.0908
"exness","EURUSD","2023-06-27 00:45:35.131Z",1.09073,1.09079
"exness","EURUSD","2023-06-27 00:45:45.349Z",1.09072,1.09079
"exness","EURUSD","2023-06-27 00:45:45.513Z",1.09074,1.0908
"exness","EURUSD","2023-06-27 00:45:46.769Z",1.09076,1.09081
"exness","EURUSD","2023-06-27 00:45:50.097Z",1.09076,1.09082
"exness","EURUSD","2023-06-27 00:45:56.627Z",1.09074,1.0908
"exness","EURUSD","2023-06-27 00:45:57.054Z",1.09074,1.09079
"exness","EURUSD","2023-06-27 00:45:59.843Z",1.09074,1.09081
"exness","EURUSD","2023-06-27 00:46:00.848Z",1.0907499999999999,1.09081
"exness","EURUSD","2023-06-27 00:46:02.383Z",1.0907499999999999,1.0908
"exness","EURUSD","2023-06-27 00:46:04.954Z",1.09074,1.09081
"exness","EURUSD","2023-06-27 00:46:06.303Z",1.09074,1.0908
"exness","EURUSD","2023-06-27 00:46:06.329Z",1.09072,1.09079
"exness","EURUSD","2023-06-27 00:46:06.372Z",1.09071,1.09077
"exness","EURUSD","2023-06-27 00:46:06.739Z",1.09069,1.09076
"exness","EURUSD","2023-06-27 00:46:07.316Z",1.09069,1.09074
"exness","EURUSD","2023-06-27 00:46:08.447Z",1.0907,1.09076
"exness","EURUSD","2023-06-27 00:46:08.482Z",1.09071,1.09078
"exness","EURUSD","2023-06-27 00:46:08.535Z",1.09073,1.09079
"exness","EURUSD","2023-06-27 00:46:08.599Z",1.09074,1.09079
"exness","EURUSD","2023-06-27 00:46:09.714Z",1.09074,1.09081
"exness","EURUSD","2023-06-27 00:46:11.123Z",1.0907499999999999,1.09081
"exness","EURUSD","2023-06-27 00:46:16.436Z",1.09076,1.09082
"exness","EURUSD","2023-06-27 00:46:17.435Z",1.09077,1.09084
"exness","EURUSD","2023-06-27 00:46:19.903Z",1.09078,1.09084
"exness","EURUSD","2023-06-27 00:46:22.650Z",1.09078,1.09083
"exness","EURUSD","2023-06-27 00:46:32.432Z",1.09077,1.09083
"exness","EURUSD","2023-06-27 00:46:33.492Z",1.09076,1.09082
"exness","EURUSD","2023-06-27 00:46:37.761Z",1.09077,1.09083
"exness","EURUSD","2023-06-27 00:46:38.943Z",1.09078,1.09084
"exness","EURUSD","2023-06-27 00:46:40.547Z",1.09079,1.09084
"exness","EURUSD","2023-06-27 00:46:41.663Z",1.09077,1.09083
"exness","EURUSD","2023-06-27 00:46:41.699Z",1.0907499999999999,1.09082
"exness","EURUSD","2023-06-27 00:46:42.905Z",1.0907499999999999,1.09081
"exness","EURUSD","2023-06-27 00:46:44.313Z",1.09073,1.09079
"exness","EURUSD","2023-06-27 00:46:46.883Z",1.09073,1.09078
"exness","EURUSD","2023-06-27 00:46:47.939Z",1.09072,1.09079
"exness","EURUSD","2023-06-27 00:46:49.044Z",1.09072,1.09078
"exness","EURUSD","2023-06-27 00:46:51.322Z",1.09072,1.09079
"exness","EURUSD","2023-06-27 00:46:51.647Z",1.09071,1.09077
"exness","EURUSD","2023-06-27 00:46:52.684Z",1.09071,1.09076
"exness","EURUSD","2023-06-27 00:46:55.206Z",1.0907,1.09077
"exness","EURUSD","2023-06-27 00:46:56.305Z",1.0907,1.09076
"exness","EURUSD","2023-06-27 00:46:58.190Z",1.09072,1.09078
"exness","EURUSD","2023-06-27 00:47:02.677Z",1.0907,1.09077
"exness","EURUSD","2023-06-27 00:47:04.030Z",1.09069,1.0907499999999999
"exness","EURUSD","2023-06-27 00:47:05.619Z",1.0907,1.0907499999999999
"exness","EURUSD","2023-06-27 00:47:07.331Z",1.09068,1.09074
"exness","EURUSD","2023-06-27 00:47:07.373Z",1.09066,1.09073
"exness","EURUSD","2023-06-27 00:47:09.262Z",1.09065,1.09071
"exness","EURUSD","2023-06-27 00:47:10.981Z",1.09066,1.09071
"exness","EURUSD","2023-06-27 00:47:14.275Z",1.09066,1.09073
"exness","EURUSD","2023-06-27 00:47:14.977Z",1.09068,1.09074
"exness","EURUSD","2023-06-27 00:47:17.047Z",1.09069,1.09074
"exness","EURUSD","2023-06-27 00:47:17.519Z",1.09067,1.09073
"exness","EURUSD","2023-06-27 00:47:18.643Z",1.09067,1.09072
"exness","EURUSD","2023-06-27 00:47:21.077Z",1.09066,1.09073
"exness","EURUSD","2023-06-27 00:47:23.199Z",1.09066,1.09072
"exness","EURUSD","2023-06-27 00:47:29.164Z",1.09067,1.09073
"exness","EURUSD","2023-06-27 00:47:29.507Z",1.09068,1.09073
"exness","EURUSD","2023-06-27 00:47:31.406Z",1.09067,1.09073
"exness","EURUSD","2023-06-27 00:47:31.460Z",1.09065,1.09071
"exness","EURUSD","2023-06-27 00:47:32.814Z",1.09064,1.0907
"exness","EURUSD","2023-06-27 00:47:35.102Z",1.09064,1.09069
"exness","EURUSD","2023-06-27 00:47:35.456Z",1.09062,1.09069
"exness","EURUSD","2023-06-27 00:47:35.521Z",1.09062,1.09067
"exness","EURUSD","2023-06-27 00:47:35.996Z",1.09062,1.09068
"exness","EURUSD","2023-06-27 00:47:37.388Z",1.09063,1.09069
"exness","EURUSD","2023-06-27 00:47:44.403Z",1.09064,1.0907
"exness","EURUSD","2023-06-27 00:47:50.336Z",1.09064,1.09071
"exness","EURUSD","2023-06-27 00:47:51.530Z",1.09065,1.09071
"exness","EURUSD","2023-06-27 00:47:57.158Z",1.09065,1.0907
"exness","EURUSD","2023-06-27 00:47:59.824Z",1.09064,1.09071
"exness","EURUSD","2023-06-27 00:48:01.221Z",1.09065,1.0907
"exness","EURUSD","2023-06-27 00:48:03.538Z",1.09064,1.09071
"exness","EURUSD","2023-06-27 00:48:10.055Z",1.09065,1.0907
"exness","EURUSD","2023-06-27 00:48:12.487Z",1.09063,1.09069
"exness","EURUSD","2023-06-27 00:48:17.657Z",1.09063,1.09068
"exness","EURUSD","2023-06-27 00:48:18.871Z",1.09064,1.0907
"exness","EURUSD","2023-06-27 00:48:28.063Z",1.09066,1.09071
"exness","EURUSD","2023-06-27 00:48:28.316Z",1.09066,1.09072
"exness","EURUSD","2023-06-27 00:48:29.719Z",1.09067,1.09073
"exness","EURUSD","2023-06-27 00:48:31.968Z",1.09068,1.09074
"exness","EURUSD","2023-06-27 00:48:33.040Z",1.09068,1.09073
"exness","EURUSD","2023-06-27 00:48:33.223Z",1.09066,1.09073
"exness","EURUSD","2023-06-27 00:48:34.379Z",1.09066,1.09072
"exness","EURUSD","2023-06-27 00:48:39.307Z",1.09067,1.09072
"exness","EURUSD","2023-06-27 00:48:40.368Z",1.09066,1.09071
"exness","EURUSD","2023-06-27 00:48:44.162Z",1.09067,1.09073
"exness","EURUSD","2023-06-27 00:48:47.799Z",1.09065,1.09071
"exness","EURUSD","2023-06-27 00:48:49.047Z",1.09065,1.0907
"exness","EURUSD","2023-06-27 00:48:50.998Z",1.09065,1.09071
"exness","EURUSD","2023-06-27 00:48:56.970Z",1.09067,1.09073
"exness","EURUSD","2023-06-27 00:48:59.176Z",1.09067,1.09074
"exness","EURUSD","2023-06-27 00:49:01.246Z",1.09068,1.09074
"exness","EURUSD","2023-06-27 00:49:02.670Z",1.09068,1.09073
"exness","EURUSD","2023-06-27 00:49:02.924Z",1.09066,1.09073
"exness","EURUSD","2023-06-27 00:49:04.831Z",1.09065,1.09071
"exness","EURUSD","2023-06-27 00:49:05.719Z",1.09066,1.09071
"exness","EURUSD","2023-06-27 00:49:14.245Z",1.09067,1.09073
"exness","EURUSD","2023-06-27 00:49:27.925Z",1.09068,1.09073
"exness","EURUSD","2023-06-27 00:49:39.436Z",1.09067,1.09074
"exness","EURUSD","2023-06-27 00:49:41.674Z",1.09067,1.09073
"exness","EURUSD","2023-06-27 00:49:43.472Z",1.09066,1.09071
"exness","EURUSD","2023-06-27 00:49:44.953Z",1.09066,1.09072
"exness","EURUSD","2023-06-27 00:49:54.418Z",1.09067,1.09073
"exness","EURUSD","2023-06-27 00:49:58.998Z",1.09067,1.09072
"exness","EURUSD","2023-06-27 00:50:00.102Z",1.09068,1.09073
"exness","EURUSD","2023-06-27 00:50:02.399Z",1.09067,1.09073
"exness","EURUSD","2023-06-27 00:50:04.505Z",1.09066,1.09072
"exness","EURUSD","2023-06-27 00:50:06.890Z",1.09067,1.09073
"exness","EURUSD","2023-06-27 00:50:08.078Z",1.09066,1.09072
"exness","EURUSD","2023-06-27 00:50:09.528Z",1.09067,1.09073
"exness","EURUSD","2023-06-27 00:50:11.163Z",1.09068,1.0907499999999999
"exness","EURUSD","2023-06-27 00:50:12.451Z",1.0907,1.09076
"exness","EURUSD","2023-06-27 00:50:12.495Z",1.09071,1.09078
"exness","EURUSD","2023-06-27 00:50:12.656Z",1.0907,1.09076
"exness","EURUSD","2023-06-27 00:50:13.785Z",1.09069,1.0907499999999999
"exness","EURUSD","2023-06-27 00:50:14.922Z",1.0907,1.0907499999999999
"exness","EURUSD","2023-06-27 00:50:15.983Z",1.09068,1.0907499999999999
"exness","EURUSD","2023-06-27 00:50:16.998Z",1.09069,1.0907499999999999
"exness","EURUSD","2023-06-27 00:50:18.139Z",1.09068,1.0907499999999999
"exness","EURUSD","2023-06-27 00:50:20.673Z",1.09068,1.09074
"exness","EURUSD","2023-06-27 00:50:22.338Z",1.09066,1.09073
"exness","EURUSD","2023-06-27 00:50:22.495Z",1.09069,1.09074
"exness","EURUSD","2023-06-27 00:50:25.753Z",1.09067,1.09073
"exness","EURUSD","2023-06-27 00:50:25.783Z",1.09065,1.09072
"exness","EURUSD","2023-06-27 00:50:26.790Z",1.09065,1.0907
"exness","EURUSD","2023-06-27 00:50:29.079Z",1.09064,1.09071
"exness","EURUSD","2023-06-27 00:50:31.220Z",1.09064,1.0907
"exness","EURUSD","2023-06-27 00:50:50.001Z",1.09062,1.09068
"exness","EURUSD","2023-06-27 00:50:50.223Z",1.09061,1.09067
"exness","EURUSD","2023-06-27 00:50:52.707Z",1.09061,1.09066
"exness","EURUSD","2023-06-27 00:50:55.260Z",1.09062,1.09067
"exness","EURUSD","2023-06-27 00:50:56.507Z",1.09061,1.09067
"exness","EURUSD","2023-06-27 00:51:03.254Z",1.0906,1.09066
"exness","EURUSD","2023-06-27 00:51:04.253Z",1.09059,1.09065
"exness","EURUSD","2023-06-27 00:51:04.486Z",1.09057,1.09064
"exness","EURUSD","2023-06-27 00:51:05.745Z",1.09058,1.09063
"exness","EURUSD","2023-06-27 00:51:06.861Z",1.09057,1.09064
"exness","EURUSD","2023-06-27 00:51:12.296Z",1.09057,1.09063
"exness","EURUSD","2023-06-27 00:51:18.898Z",1.09055,1.09062
"exness","EURUSD","2023-06-27 00:51:19.584Z",1.09055,1.0906
"exness","EURUSD","2023-06-27 00:51:20.002Z",1.09054,1.0906
"exness","EURUSD","2023-06-27 00:51:21.550Z",1.09054,1.09059
"exness","EURUSD","2023-06-27 00:51:23.052Z",1.09053,1.0906
"exness","EURUSD","2023-06-27 00:51:31.193Z",1.09052,1.09058
"exness","EURUSD","2023-06-27 00:51:31.682Z",1.0905,1.09056
"exness","EURUSD","2023-06-27 00:51:32.691Z",1.09049,1.09056
"exness","EURUSD","2023-06-27 00:51:33.358Z",1.09051,1.09057
"exness","EURUSD","2023-06-27 00:51:34.779Z",1.09052,1.09057
"exness","EURUSD","2023-06-27 00:51:35.809Z",1.09051,1.09057
"exness","EURUSD","2023-06-27 00:51:36.863Z",1.0905,1.09056
"exness","EURUSD","2023-06-27 00:51:40.014Z",1.09049,1.09056
"exness","EURUSD","2023-06-27 00:51:44.637Z",1.0905,1.09055
"exness","EURUSD","2023-06-27 00:51:45.042Z",1.0905,1.09057
"exness","EURUSD","2023-06-27 00:51:45.985Z",1.0905,1.09056
"exness","EURUSD","2023-06-27 00:51:46.097Z",1.0905,1.09055
"exness","EURUSD","2023-06-27 00:51:51.000Z",1.09049,1.09054
"exness","EURUSD","2023-06-27 00:51:51.465Z",1.0905,1.09056
"exness","EURUSD","2023-06-27 00:51:52.588Z",1.0905,1.09057
"exness","EURUSD","2023-06-27 00:51:52.984Z",1.09052,1.09058
"exness","EURUSD","2023-06-27 00:51:54.135Z",1.09051,1.09057
"exness","EURUSD","2023-06-27 00:51:55.234Z",1.09049,1.09056
"exness","EURUSD","2023-06-27 00:51:56.234Z",1.0905,1.09055
"exness","EURUSD","2023-06-27 00:51:57.271Z",1.09049,1.09055
"exness","EURUSD","2023-06-27 00:51:58.389Z",1.09048,1.09055
"exness","EURUSD","2023-06-27 00:52:00.253Z",1.09047,1.09053
"exness","EURUSD","2023-06-27 00:52:00.374Z",1.09045,1.09051
"exness","EURUSD","2023-06-27 00:52:00.478Z",1.09044,1.0905
"exness","EURUSD","2023-06-27 00:52:01.546Z",1.09045,1.0905
"exness","EURUSD","2023-06-27 00:52:02.816Z",1.09044,1.0905
"exness","EURUSD","2023-06-27 00:52:05.819Z",1.09045,1.09052
"exness","EURUSD","2023-06-27 00:52:06.841Z",1.09046,1.09051
"exness","EURUSD","2023-06-27 00:52:09.442Z",1.09045,1.09051
"exness","EURUSD","2023-06-27 00:52:10.011Z",1.09044,1.0905
"exness","EURUSD","2023-06-27 00:52:11.072Z",1.09043,1.09049
"exness","EURUSD","2023-06-27 00:52:12.154Z",1.09044,1.09049
"exness","EURUSD","2023-06-27 00:52:13.349Z",1.09044,1.0905
"exness","EURUSD","2023-06-27 00:52:14.639Z",1.09045,1.09051
"exness","EURUSD","2023-06-27 00:52:15.873Z",1.09046,1.09051
"exness","EURUSD","2023-06-27 00:52:18.179Z",1.09045,1.09052
"exness","EURUSD","2023-06-27 00:52:19.200Z",1.09045,1.09051
"exness","EURUSD","2023-06-27 00:52:22.296Z",1.09044,1.09051
"exness","EURUSD","2023-06-27 00:52:29.390Z",1.09044,1.0905
"exness","EURUSD","2023-06-27 00:52:34.924Z",1.09046,1.09052
"exness","EURUSD","2023-06-27 00:52:34.947Z",1.09047,1.09053
"exness","EURUSD","2023-06-27 00:52:36.084Z",1.09047,1.09052
"exness","EURUSD","2023-06-27 00:52:37.548Z",1.09045,1.09052
"exness","EURUSD","2023-06-27 00:52:38.550Z",1.09046,1.09052
"exness","EURUSD","2023-06-27 00:52:38.575Z",1.09047,1.09053
"exness","EURUSD","2023-06-27 00:52:39.104Z",1.09049,1.09054
"exness","EURUSD","2023-06-27 00:52:39.784Z",1.09047,1.09053
"exness","EURUSD","2023-06-27 00:52:40.131Z",1.09046,1.09051
"exness","EURUSD","2023-06-27 00:52:40.870Z",1.09045,1.09051
"exness","EURUSD","2023-06-27 00:52:41.618Z",1.09044,1.09049
"exness","EURUSD","2023-06-27 00:52:42.704Z",1.09043,1.09049
"exness","EURUSD","2023-06-27 00:52:44.572Z",1.09041,1.09048
"exness","EURUSD","2023-06-27 00:52:44.715Z",1.0904,1.09046
"exness","EURUSD","2023-06-27 00:52:45.146Z",1.09039,1.09044
"exness","EURUSD","2023-06-27 00:52:47.180Z",1.09039,1.09045
"exness","EURUSD","2023-06-27 00:52:48.342Z",1.09038,1.09045
"exness","EURUSD","2023-06-27 00:52:49.550Z",1.09038,1.09044
"exness","EURUSD","2023-06-27 00:52:53.626Z",1.09038,1.09045
"exness","EURUSD","2023-06-27 00:52:56.441Z",1.09038,1.09044
"exness","EURUSD","2023-06-27 00:52:58.023Z",1.09039,1.09045
"exness","EURUSD","2023-06-27 00:52:59.062Z",1.09039,1.09046
"exness","EURUSD","2023-06-27 00:52:59.322Z",1.09039,1.09044
"exness","EURUSD","2023-06-27 00:53:02.760Z",1.09038,1.09044
"exness","EURUSD","2023-06-27 00:53:02.885Z",1.0904,1.09046
"exness","EURUSD","2023-06-27 00:53:07.160Z",1.09039,1.09046
"exness","EURUSD","2023-06-27 00:53:08.254Z",1.0904,1.09045
"exness","EURUSD","2023-06-27 00:53:18.969Z",1.09038,1.09044
"exness","EURUSD","2023-06-27 00:53:20.311Z",1.09038,1.09045
"exness","EURUSD","2023-06-27 00:53:25.377Z",1.09039,1.09045
"exness","EURUSD","2023-06-27 00:53:26.513Z",1.09038,1.09045
"exness","EURUSD","2023-06-27 00:53:29.023Z",1.09038,1.09044
"exness","EURUSD","2023-06-27 00:53:36.008Z",1.09037,1.09043
"exness","EURUSD","2023-06-27 00:53:38.713Z",1.09036,1.09042
"exness","EURUSD","2023-06-27 00:53:42.447Z",1.09038,1.09044
"exness","EURUSD","2023-06-27 00:53:44.005Z",1.09038,1.09043
"exness","EURUSD","2023-06-27 00:53:45.704Z",1.09037,1.09044
"exness","EURUSD","2023-06-27 00:53:46.746Z",1.09038,1.09044
"exness","EURUSD","2023-06-27 00:53:48.779Z",1.09037,1.09043
"exness","EURUSD","2023-06-27 00:53:49.859Z",1.09037,1.09042
"exness","EURUSD","2023-06-27 00:53:50.124Z",1.09038,1.09044
"exness","EURUSD","2023-06-27 00:53:50.679Z",1.09039,1.09045
"exness","EURUSD","2023-06-27 00:53:55.283Z",1.09041,1.09047
"exness","EURUSD","2023-06-27 00:53:56.819Z",1.0904,1.09047
"exness","EURUSD","2023-06-27 00:53:58.176Z",1.0904,1.09045
"exness","EURUSD","2023-06-27 00:53:59.529Z",1.09038,1.09044
"exness","EURUSD","2023-06-27 00:53:59.694Z",1.09038,1.09043
"exness","EURUSD","2023-06-27 00:54:01.056Z",1.09037,1.09043
"exness","EURUSD","2023-06-27 00:54:07.089Z",1.09035,1.09042
"exness","EURUSD","2023-06-27 00:54:07.619Z",1.09037,1.09043
"exness","EURUSD","2023-06-27 00:54:07.901Z",1.09038,1.09045
"exness","EURUSD","2023-06-27 00:54:07.923Z",1.0904,1.09046
"exness","EURUSD","2023-06-27 00:54:08.857Z",1.09042,1.09048
"exness","EURUSD","2023-06-27 00:54:08.869Z",1.09043,1.09049
"exness","EURUSD","2023-06-27 00:54:09.101Z",1.09045,1.09051
"exness","EURUSD","2023-06-27 00:54:10.360Z",1.09046,1.09052
"exness","EURUSD","2023-06-27 00:54:12.706Z",1.09045,1.09052
"exness","EURUSD","2023-06-27 00:54:15.325Z",1.09044,1.09051
"exness","EURUSD","2023-06-27 00:54:16.377Z",1.09045,1.09051
"exness","EURUSD","2023-06-27 00:54:17.893Z",1.09044,1.0905
"exness","EURUSD","2023-06-27 00:54:21.758Z",1.09044,1.09051
"exness","EURUSD","2023-06-27 00:54:22.831Z",1.09043,1.09049
"exness","EURUSD","2023-06-27 00:54:27.013Z",1.09044,1.09049
"exness","EURUSD","2023-06-27 00:54:28.401Z",1.09043,1.09048
"exness","EURUSD","2023-06-27 00:54:30.133Z",1.09041,1.09047
"exness","EURUSD","2023-06-27 00:54:31.173Z",1.0904,1.09047
"exness","EURUSD","2023-06-27 00:54:32.454Z",1.09041,1.09046
"exness","EURUSD","2023-06-27 00:54:34.914Z",1.0904,1.09046
"exness","EURUSD","2023-06-27 00:54:35.364Z",1.09038,1.09044
"exness","EURUSD","2023-06-27 00:54:36.100Z",1.09038,1.09043
"exness","EURUSD","2023-06-27 00:54:37.126Z",1.09037,1.09043
"exness","EURUSD","2023-06-27 00:54:37.514Z",1.09035,1.09041
"exness","EURUSD","2023-06-27 00:54:37.584Z",1.09033,1.0904
"exness","EURUSD","2023-06-27 00:54:37.599Z",1.09032,1.09038
"exness","EURUSD","2023-06-27 00:54:38.722Z",1.09033,1.09038
"exness","EURUSD","2023-06-27 00:54:39.692Z",1.09033,1.0904
"exness","EURUSD","2023-06-27 00:54:41.166Z",1.09034,1.0904
"exness","EURUSD","2023-06-27 00:54:41.753Z",1.09033,1.09039
"exness","EURUSD","2023-06-27 00:54:41.767Z",1.0903100000000001,1.09037
"exness","EURUSD","2023-06-27 00:54:41.773Z",1.09029,1.09036
"exness","EURUSD","2023-06-27 00:54:42.258Z",1.0903100000000001,1.09037
"exness","EURUSD","2023-06-27 00:54:43.771Z",1.09032,1.09039
"exness","EURUSD","2023-06-27 00:54:44.772Z",1.09033,1.09039
"exness","EURUSD","2023-06-27 00:54:46.434Z",1.09032,1.09038
"exness","EURUSD","2023-06-27 00:54:46.554Z",1.0903,1.09037
"exness","EURUSD","2023-06-27 00:54:47.731Z",1.0903,1.09036
"exness","EURUSD","2023-06-27 00:54:48.924Z",1.09028,1.09034
"exness","EURUSD","2023-06-27 00:54:48.960Z",1.09026,1.09033
"exness","EURUSD","2023-06-27 00:54:49.691Z",1.09028,1.09033
"exness","EURUSD","2023-06-27 00:54:50.049Z",1.09028,1.09035
"exness","EURUSD","2023-06-27 00:54:51.411Z",1.09029,1.09036
"exness","EURUSD","2023-06-27 00:54:53.803Z",1.09029,1.09035
"exness","EURUSD","2023-06-27 00:54:54.117Z",1.09028,1.09034
"exness","EURUSD","2023-06-27 00:54:54.140Z",1.09026,1.09032
"exness","EURUSD","2023-06-27 00:54:55.404Z",1.09026,1.0903100000000001
"exness","EURUSD","2023-06-27 00:54:56.688Z",1.09025,1.09032
"exness","EURUSD","2023-06-27 00:54:58.510Z",1.09024,1.0903
"exness","EURUSD","2023-06-27 00:54:58.517Z",1.09022,1.09028
"exness","EURUSD","2023-06-27 00:54:58.539Z",1.0902,1.09026
"exness","EURUSD","2023-06-27 00:54:58.553Z",1.09018,1.09024
"exness","EURUSD","2023-06-27 00:54:58.574Z",1.09017,1.09022
"exness","EURUSD","2023-06-27 00:54:58.600Z",1.09018,1.09024
"exness","EURUSD","2023-06-27 00:54:58.605Z",1.09019,1.09025
"exness","EURUSD","2023-06-27 00:54:58.645Z",1.09021,1.09027
"exness","EURUSD","2023-06-27 00:54:58.692Z",1.09022,1.09029
"exness","EURUSD","2023-06-27 00:54:58.992Z",1.09024,1.0903
"exness","EURUSD","2023-06-27 00:55:00.008Z",1.09023,1.09029
"exness","EURUSD","2023-06-27 00:55:00.273Z",1.09022,1.09028
"exness","EURUSD","2023-06-27 00:55:00.276Z",1.0902,1.09026
"exness","EURUSD","2023-06-27 00:55:00.598Z",1.09022,1.09028
"exness","EURUSD","2023-06-27 00:55:01.326Z",1.09024,1.09029
"exness","EURUSD","2023-06-27 00:55:02.617Z",1.09024,1.0903
"exness","EURUSD","2023-06-27 00:55:03.646Z",1.09025,1.0903100000000001
"exness","EURUSD","2023-06-27 00:55:03.668Z",1.09027,1.09033
"exness","EURUSD","2023-06-27 00:55:03.804Z",1.09028,1.09033
"exness","EURUSD","2023-06-27 00:55:04.080Z",1.09027,1.09033
"exness","EURUSD","2023-06-27 00:55:04.101Z",1.09025,1.0903100000000001
"exness","EURUSD","2023-06-27 00:55:04.650Z",1.09027,1.09032
"exness","EURUSD","2023-06-27 00:55:05.749Z",1.09026,1.09032
"exness","EURUSD","2023-06-27 00:55:06.600Z",1.09028,1.09034
"exness","EURUSD","2023-06-27 00:55:07.232Z",1.09029,1.09034
"exness","EURUSD","2023-06-27 00:55:08.369Z",1.09028,1.09035
"exness","EURUSD","2023-06-27 00:55:10.609Z",1.09028,1.09034
"exness","EURUSD","2023-06-27 00:55:11.002Z",1.0903,1.09036
"exness","EURUSD","2023-06-27 00:55:11.540Z",1.0903100000000001,1.09037
"exness","EURUSD","2023-06-27 00:55:11.571Z",1.09033,1.09039
"exness","EURUSD","2023-06-27 00:55:13.153Z",1.09034,1.0904
"exness","EURUSD","2023-06-27 00:55:13.757Z",1.09032,1.09038
"exness","EURUSD","2023-06-27 00:55:16.064Z",1.09034,1.0904
"exness","EURUSD","2023-06-27 00:55:17.289Z",1.09035,1.09041
"exness","EURUSD","2023-06-27 00:55:18.268Z",1.09036,1.09043
"exness","EURUSD","2023-06-27 00:55:19.372Z",1.09038,1.09044
"exness","EURUSD","2023-06-27 00:55:20.658Z",1.09037,1.09044
"exness","EURUSD","2023-06-27 00:55:28.146Z",1.09038,1.09044
"exness","EURUSD","2023-06-27 00:55:32.303Z",1.09039,1.09045
"exness","EURUSD","2023-06-27 00:55:37.073Z",1.0904,1.09047
"exness","EURUSD","2023-06-27 00:55:38.388Z",1.09042,1.09047
"exness","EURUSD","2023-06-27 00:55:39.522Z",1.09042,1.09048
"exness","EURUSD","2023-06-27 00:55:40.892Z",1.09043,1.09048
"exness","EURUSD","2023-06-27 00:55:41.926Z",1.09042,1.09049
"exness","EURUSD","2023-06-27 00:55:42.957Z",1.09042,1.09048
"exness","EURUSD","2023-06-27 00:55:43.992Z",1.09043,1.09049
"exness","EURUSD","2023-06-27 00:55:52.123Z",1.09043,1.0905
"exness","EURUSD","2023-06-27 00:55:54.442Z",1.09044,1.0905
"exness","EURUSD","2023-06-27 00:55:55.822Z",1.09045,1.0905
"exness","EURUSD","2023-06-27 00:55:57.051Z",1.09044,1.09049
"exness","EURUSD","2023-06-27 00:55:59.328Z",1.09045,1.0905
"exness","EURUSD","2023-06-27 00:55:59.450Z",1.09045,1.09051
"exness","EURUSD","2023-06-27 00:55:59.470Z",1.09046,1.09053
"exness","EURUSD","2023-06-27 00:55:59.503Z",1.09048,1.09054
"exness","EURUSD","2023-06-27 00:55:59.608Z",1.0905,1.09056
"exness","EURUSD","2023-06-27 00:56:01.757Z",1.09051,1.09058
"exness","EURUSD","2023-06-27 00:56:05.156Z",1.0905,1.09056
"exness","EURUSD","2023-06-27 00:56:09.730Z",1.09049,1.09055
"exness","EURUSD","2023-06-27 00:56:15.167Z",1.09048,1.09054
"exness","EURUSD","2023-06-27 00:56:20.287Z",1.09048,1.09055
"exness","EURUSD","2023-06-27 00:56:21.625Z",1.09048,1.09054
"exness","EURUSD","2023-06-27 00:56:29.693Z",1.09046,1.09053
"exness","EURUSD","2023-06-27 00:56:30.940Z",1.09047,1.09052
"exness","EURUSD","2023-06-27 00:56:32.636Z",1.09046,1.09052
"exness","EURUSD","2023-06-27 00:56:34.241Z",1.09045,1.09052
"exness","EURUSD","2023-06-27 00:56:36.511Z",1.09045,1.09051
"exness","EURUSD","2023-06-27 00:56:38.806Z",1.09044,1.09051
"exness","EURUSD","2023-06-27 00:56:40.691Z",1.09043,1.0905
"exness","EURUSD","2023-06-27 00:56:42.583Z",1.09045,1.09051
"exness","EURUSD","2023-06-27 00:56:42.642Z",1.09046,1.09053
"exness","EURUSD","2023-06-27 00:56:43.917Z",1.09047,1.09053
"exness","EURUSD","2023-06-27 00:56:48.810Z",1.09045,1.09052
"exness","EURUSD","2023-06-27 00:56:50.384Z",1.09045,1.09051
"exness","EURUSD","2023-06-27 00:56:50.832Z",1.09045,1.0905
"exness","EURUSD","2023-06-27 00:56:50.848Z",1.09045,1.09051
"exness","EURUSD","2023-06-27 00:56:51.011Z",1.09047,1.09053
"exness","EURUSD","2023-06-27 00:56:53.230Z",1.09047,1.09054
"exness","EURUSD","2023-06-27 00:56:57.384Z",1.09048,1.09053
"exness","EURUSD","2023-06-27 00:57:00.965Z",1.09047,1.09054
"exness","EURUSD","2023-06-27 00:57:01.988Z",1.09048,1.09055
"exness","EURUSD","2023-06-27 00:57:04.864Z",1.09047,1.09053
"exness","EURUSD","2023-06-27 00:57:08.464Z",1.09049,1.09055
"exness","EURUSD","2023-06-27 00:57:08.477Z",1.09051,1.09057
"exness","EURUSD","2023-06-27 00:57:08.911Z",1.09052,1.09058
"exness","EURUSD","2023-06-27 00:57:09.175Z",1.09052,1.09057
"exness","EURUSD","2023-06-27 00:57:09.280Z",1.0905,1.09057
"exness","EURUSD","2023-06-27 00:57:10.510Z",1.09052,1.09058
"exness","EURUSD","2023-06-27 00:57:12.244Z",1.0905,1.09057
"exness","EURUSD","2023-06-27 00:57:12.258Z",1.09049,1.09055
"exness","EURUSD","2023-06-27 00:57:12.293Z",1.09047,1.09053
"exness","EURUSD","2023-06-27 00:57:13.418Z",1.09048,1.09053
"exness","EURUSD","2023-06-27 00:57:14.463Z",1.09047,1.09053
"exness","EURUSD","2023-06-27 00:57:17.512Z",1.09048,1.09055
"exness","EURUSD","2023-06-27 00:57:17.523Z",1.0905,1.09056
"exness","EURUSD","2023-06-27 00:57:19.073Z",1.09051,1.09057
"exness","EURUSD","2023-06-27 00:57:21.107Z",1.09052,1.09058
"exness","EURUSD","2023-06-27 00:57:27.712Z",1.09052,1.09059
"exness","EURUSD","2023-06-27 00:57:36.378Z",1.09052,1.09058
"exness","EURUSD","2023-06-27 00:57:37.282Z",1.09051,1.09058
"exness","EURUSD","2023-06-27 00:57:41.972Z",1.09052,1.09058
"exness","EURUSD","2023-06-27 00:57:53.559Z",1.09051,1.09057
"exness","EURUSD","2023-06-27 00:57:54.149Z",1.0905,1.09055
"exness","EURUSD","2023-06-27 00:57:54.154Z",1.09048,1.09055
"exness","EURUSD","2023-06-27 00:57:55.075Z",1.0905,1.09056
"exness","EURUSD","2023-06-27 00:57:58.293Z",1.0905,1.09055
"exness","EURUSD","2023-06-27 00:57:58.960Z",1.09048,1.09055
"exness","EURUSD","2023-06-27 00:58:00.058Z",1.09049,1.09055
"exness","EURUSD","2023-06-27 00:58:04.198Z",1.09048,1.09054
"exness","EURUSD","2023-06-27 00:58:13.218Z",1.09049,1.09055
"exness","EURUSD","2023-06-27 00:58:16.733Z",1.09048,1.09055
"exness","EURUSD","2023-06-27 00:58:20.351Z",1.09049,1.09054
"exness","EURUSD","2023-06-27 00:58:21.600Z",1.09049,1.09055
"exness","EURUSD","2023-06-27 00:58:40.145Z",1.09049,1.09056
"exness","EURUSD","2023-06-27 00:58:41.255Z",1.0905,1.09056
"exness","EURUSD","2023-06-27 00:58:42.431Z",1.09049,1.09056
"exness","EURUSD","2023-06-27 00:58:44.053Z",1.0905,1.09055
"exness","EURUSD","2023-06-27 00:58:48.795Z",1.0905,1.09056
"exness","EURUSD","2023-06-27 00:58:49.800Z",1.09051,1.09056
"exness","EURUSD","2023-06-27 00:58:51.900Z",1.0905,1.09055
"exness","EURUSD","2023-06-27 00:58:54.021Z",1.09051,1.09056
"exness","EURUSD","2023-06-27 00:58:54.412Z",1.09049,1.09055
"exness","EURUSD","2023-06-27 00:58:54.486Z",1.09047,1.09054
"exness","EURUSD","2023-06-27 00:58:54.726Z",1.09047,1.09052
"exness","EURUSD","2023-06-27 00:58:57.260Z",1.09047,1.09053
"exness","EURUSD","2023-06-27 00:58:59.863Z",1.09047,1.09054
"exness","EURUSD","2023-06-27 00:59:03.958Z",1.09048,1.09054
"exness","EURUSD","2023-06-27 00:59:07.278Z",1.09047,1.09053
"exness","EURUSD","2023-06-27 00:59:10.190Z",1.09047,1.09054
"exness","EURUSD","2023-06-27 00:59:13.800Z",1.09048,1.09054
"exness","EURUSD","2023-06-27 00:59:14.326Z",1.09047,1.09053
"exness","EURUSD","2023-06-27 00:59:14.365Z",1.09045,1.09051
"exness","EURUSD","2023-06-27 00:59:15.156Z",1.09044,1.0905
"exness","EURUSD","2023-06-27 00:59:16.165Z",1.09043,1.09049
"exness","EURUSD","2023-06-27 00:59:17.261Z",1.09044,1.09049
"exness","EURUSD","2023-06-27 00:59:18.634Z",1.09043,1.09049
"exness","EURUSD","2023-06-27 00:59:19.317Z",1.09045,1.09051
"exness","EURUSD","2023-06-27 00:59:31.118Z",1.09044,1.0905
"exness","EURUSD","2023-06-27 00:59:33.237Z",1.09043,1.09049
"exness","EURUSD","2023-06-27 00:59:33.557Z",1.09042,1.09048
"exness","EURUSD","2023-06-27 00:59:33.686Z",1.09041,1.09046
"exness","EURUSD","2023-06-27 00:59:33.942Z",1.09042,1.09048
"exness","EURUSD","2023-06-27 00:59:34.067Z",1.09043,1.09048
"exness","EURUSD","2023-06-27 00:59:34.545Z",1.09044,1.0905
"exness","EURUSD","2023-06-27 00:59:35.650Z",1.09044,1.09051
"exness","EURUSD","2023-06-27 00:59:36.705Z",1.09045,1.0905
"exness","EURUSD","2023-06-27 00:59:39.892Z",1.09044,1.0905
"exness","EURUSD","2023-06-27 00:59:41.301Z",1.09043,1.0905
"exness","EURUSD","2023-06-27 00:59:42.374Z",1.09043,1.09049
"exness","EURUSD","2023-06-27 00:59:43.448Z",1.09044,1.09049
"exness","EURUSD","2023-06-27 00:59:45.429Z",1.09043,1.09048
"exness","EURUSD","2023-06-27 00:59:45.856Z",1.09041,1.09048
"exness","EURUSD","2023-06-27 00:59:46.310Z",1.09041,1.09046
"exness","EURUSD","2023-06-27 00:59:47.101Z",1.09042,1.09048
"exness","EURUSD","2023-06-27 00:59:50.534Z",1.0904,1.09047
"exness","EURUSD","2023-06-27 00:59:51.525Z",1.09042,1.09047
"exness","EURUSD","2023-06-27 00:59:52.343Z",1.09041,1.09047
"exness","EURUSD","2023-06-27 00:59:53.375Z",1.0904,1.09047
"exness","EURUSD","2023-06-27 00:59:55.850Z",1.09039,1.09045
"exness","EURUSD","2023-06-27 00:59:57.015Z",1.0904,1.09047
"exness","EURUSD","2023-06-27 00:59:57.244Z",1.09042,1.09047
"exness","EURUSD","2023-06-27 00:59:58.346Z",1.09042,1.09048
"exness","EURUSD","2023-06-27 00:59:59.351Z",1.09042,1.09049
"exness","EURUSD","2023-06-27 01:00:00.514Z",1.09043,1.09049
"exness","EURUSD","2023-06-27 01:00:01.279Z",1.09045,1.09051
"exness","EURUSD","2023-06-27 01:00:03.154Z",1.09044,1.09049
"exness","EURUSD","2023-06-27 01:00:05.625Z",1.09043,1.0905
"exness","EURUSD","2023-06-27 01:00:08.448Z",1.09045,1.0905
"exness","EURUSD","2023-06-27 01:00:10.308Z",1.09043,1.09049
"exness","EURUSD","2023-06-27 01:00:11.331Z",1.09043,1.09048
"exness","EURUSD","2023-06-27 01:00:11.695Z",1.09042,1.09048
"exness","EURUSD","2023-06-27 01:00:12.795Z",1.09041,1.09047
"exness","EURUSD","2023-06-27 01:00:13.858Z",1.09042,1.09047
"exness","EURUSD","2023-06-27 01:00:14.942Z",1.0904,1.09047
"exness","EURUSD","2023-06-27 01:00:15.958Z",1.09042,1.09048
"exness","EURUSD","2023-06-27 01:00:19.080Z",1.09042,1.09049
"exness","EURUSD","2023-06-27 01:00:20.379Z",1.09043,1.09048
"exness","EURUSD","2023-06-27 01:00:21.752Z",1.09042,1.09047
"exness","EURUSD","2023-06-27 01:00:24.466Z",1.09042,1.09048
"exness","EURUSD","2023-06-27 01:00:27.764Z",1.0904,1.09047
"exness","EURUSD","2023-06-27 01:00:27.879Z",1.09039,1.09045
"exness","EURUSD","2023-06-27 01:00:28.003Z",1.09037,1.09043
"exness","EURUSD","2023-06-27 01:00:28.129Z",1.09037,1.09042
"exness","EURUSD","2023-06-27 01:00:29.156Z",1.09036,1.09043
"exness","EURUSD","2023-06-27 01:00:30.178Z",1.09037,1.09043
"exness","EURUSD","2023-06-27 01:00:31.242Z",1.09037,1.09044
"exness","EURUSD","2023-06-27 01:00:32.251Z",1.09038,1.09044
"exness","EURUSD","2023-06-27 01:00:34.515Z",1.09037,1.09043
"exness","EURUSD","2023-06-27 01:00:35.516Z",1.09038,1.09043
"exness","EURUSD","2023-06-27 01:00:36.525Z",1.09037,1.09044
"exness","EURUSD","2023-06-27 01:00:40.082Z",1.09038,1.09044
"exness","EURUSD","2023-06-27 01:00:41.086Z",1.09036,1.09043
"exness","EURUSD","2023-06-27 01:00:42.142Z",1.09036,1.09042
"exness","EURUSD","2023-06-27 01:00:43.218Z",1.09036,1.09043
"exness","EURUSD","2023-06-27 01:00:44.222Z",1.09037,1.09043
"exness","EURUSD","2023-06-27 01:00:48.345Z",1.09038,1.09045
"exness","EURUSD","2023-06-27 01:00:50.640Z",1.09039,1.09044
"exness","EURUSD","2023-06-27 01:00:53.741Z",1.09038,1.09044
"exness","EURUSD","2023-06-27 01:00:53.867Z",1.0904,1.09046
"exness","EURUSD","2023-06-27 01:00:55.354Z",1.09039,1.09046
"exness","EURUSD","2023-06-27 01:00:56.852Z",1.0904,1.09046
"exness","EURUSD","2023-06-27 01:00:57.614Z",1.09041,1.09046
"exness","EURUSD","2023-06-27 01:00:58.880Z",1.0904,1.09047
"exness","EURUSD","2023-06-27 01:00:59.905Z",1.09041,1.09047
"exness","EURUSD","2023-06-27 01:01:00.939Z",1.0904,1.09047
"exness","EURUSD","2023-06-27 01:01:02.550Z",1.09041,1.09048
"exness","EURUSD","2023-06-27 01:01:03.011Z",1.09043,1.09048
"exness","EURUSD","2023-06-27 01:01:03.951Z",1.09042,1.09048
"exness","EURUSD","2023-06-27 01:01:04.953Z",1.09041,1.09047
"exness","EURUSD","2023-06-27 01:01:07.034Z",1.09042,1.09048
"exness","EURUSD","2023-06-27 01:01:07.760Z",1.09043,1.09048
"exness","EURUSD","2023-06-27 01:01:09.062Z",1.09044,1.09049
"exness","EURUSD","2023-06-27 01:01:11.130Z",1.09043,1.09049
"exness","EURUSD","2023-06-27 01:01:12.963Z",1.09045,1.09051
"exness","EURUSD","2023-06-27 01:01:13.967Z",1.09044,1.09051
"exness","EURUSD","2023-06-27 01:01:14.974Z",1.09045,1.0905
"exness","EURUSD","2023-06-27 01:01:18.017Z",1.09043,1.09049
"exness","EURUSD","2023-06-27 01:01:18.952Z",1.09045,1.0905
"exness","EURUSD","2023-06-27 01:01:23.015Z",1.09046,1.09052
"exness","EURUSD","2023-06-27 01:01:24.057Z",1.09045,1.09051
"exness","EURUSD","2023-06-27 01:01:26.251Z",1.09046,1.09051
"exness","EURUSD","2023-06-27 01:01:27.477Z",1.09046,1.09052
"exness","EURUSD","2023-06-27 01:01:28.000Z",1.09047,1.09054
"exness","EURUSD","2023-06-27 01:01:29.182Z",1.09048,1.09054
"exness","EURUSD","2023-06-27 01:01:29.560Z",1.09046,1.09053
"exness","EURUSD","2023-06-27 01:01:30.626Z",1.09046,1.09052
"exness","EURUSD","2023-06-27 01:01:34.161Z",1.09046,1.09051
"exness","EURUSD","2023-06-27 01:01:35.367Z",1.09045,1.09051
"exness","EURUSD","2023-06-27 01:01:37.533Z",1.09044,1.0905
"exness","EURUSD","2023-06-27 01:01:38.901Z",1.09043,1.09049
"exness","EURUSD","2023-06-27 01:01:39.917Z",1.09044,1.0905
"exness","EURUSD","2023-06-27 01:01:40.949Z",1.09044,1.09051
"exness","EURUSD","2023-06-27 01:01:42.037Z",1.09045,1.09052
"exness","EURUSD","2023-06-27 01:01:42.127Z",1.09044,1.09049
"exness","EURUSD","2023-06-27 01:01:43.495Z",1.09043,1.0905
"exness","EURUSD","2023-06-27 01:01:43.685Z",1.09042,1.09048
"exness","EURUSD","2023-06-27 01:01:44.468Z",1.09041,1.09046
"exness","EURUSD","2023-06-27 01:01:45.507Z",1.09042,1.09048
"exness","EURUSD","2023-06-27 01:01:47.139Z",1.09042,1.09047
"exness","EURUSD","2023-06-27 01:01:49.410Z",1.09043,1.09049
"exness","EURUSD","2023-06-27 01:01:49.451Z",1.09045,1.0905
"exness","EURUSD","2023-06-27 01:01:50.801Z",1.09044,1.0905
"exness","EURUSD","2023-06-27 01:01:52.911Z",1.09045,1.09051
"exness","EURUSD","2023-06-27 01:01:56.003Z",1.09043,1.09049
"exness","EURUSD","2023-06-27 01:01:56.019Z",1.09042,1.09048
"exness","EURUSD","2023-06-27 01:01:56.222Z",1.0904,1.09046
"exness","EURUSD","2023-06-27 01:01:57.534Z",1.09039,1.09045
"exness","EURUSD","2023-06-27 01:02:00.036Z",1.0904,1.09046
"exness","EURUSD","2023-06-27 01:02:00.088Z",1.09041,1.09047
"exness","EURUSD","2023-06-27 01:02:00.650Z",1.09043,1.09048
"exness","EURUSD","2023-06-27 01:02:01.655Z",1.09042,1.09048
"exness","EURUSD","2023-06-27 01:02:05.012Z",1.09042,1.09049
"exness","EURUSD","2023-06-27 01:02:06.589Z",1.09043,1.09049
"exness","EURUSD","2023-06-27 01:02:10.740Z",1.09043,1.09048
"exness","EURUSD","2023-06-27 01:02:12.258Z",1.09042,1.09048
"exness","EURUSD","2023-06-27 01:02:13.475Z",1.09042,1.09047
"exness","EURUSD","2023-06-27 01:02:16.593Z",1.09042,1.09048
"exness","EURUSD","2023-06-27 01:02:18.609Z",1.09043,1.0905
"exness","EURUSD","2023-06-27 01:02:23.426Z",1.09043,1.09048
"exness","EURUSD","2023-06-27 01:02:24.735Z",1.09042,1.09049
"exness","EURUSD","2023-06-27 01:02:25.876Z",1.09042,1.09048
"exness","EURUSD","2023-06-27 01:02:29.508Z",1.09041,1.09048
"exness","EURUSD","2023-06-27 01:02:31.597Z",1.09041,1.09047
"exness","EURUSD","2023-06-27 01:02:35.617Z",1.09042,1.09047
"exness","EURUSD","2023-06-27 01:02:38.866Z",1.09042,1.09048
"exness","EURUSD","2023-06-27 01:02:41.725Z",1.09042,1.09049
"exness","EURUSD","2023-06-27 01:02:43.018Z",1.09043,1.09049
"exness","EURUSD","2023-06-27 01:02:46.393Z",1.09043,1.09048
"exness","EURUSD","2023-06-27 01:02:50.006Z",1.09043,1.09049
"exness","EURUSD","2023-06-27 01:02:50.243Z",1.09044,1.0905
"exness","EURUSD","2023-06-27 01:02:50.265Z",1.09046,1.09053
"exness","EURUSD","2023-06-27 01:02:50.290Z",1.09048,1.09054
"exness","EURUSD","2023-06-27 01:02:52.370Z",1.09048,1.09053
"exness","EURUSD","2023-06-27 01:02:53.591Z",1.09046,1.09052
"exness","EURUSD","2023-06-27 01:02:54.588Z",1.09045,1.09052
"exness","EURUSD","2023-06-27 01:02:57.528Z",1.09046,1.09052
"exness","EURUSD","2023-06-27 01:03:02.103Z",1.09045,1.09052
"exness","EURUSD","2023-06-27 01:03:03.632Z",1.09046,1.09052
"exness","EURUSD","2023-06-27 01:03:04.588Z",1.09045,1.09052
"exness","EURUSD","2023-06-27 01:03:06.734Z",1.09047,1.09053
"exness","EURUSD","2023-06-27 01:03:09.642Z",1.09048,1.09054
"exness","EURUSD","2023-06-27 01:03:11.720Z",1.09046,1.09052
"exness","EURUSD","2023-06-27 01:03:12.847Z",1.09047,1.09052
"exness","EURUSD","2023-06-27 01:03:13.335Z",1.09047,1.09053
"exness","EURUSD","2023-06-27 01:03:14.501Z",1.09048,1.09054
"exness","EURUSD","2023-06-27 01:03:16.225Z",1.09049,1.09056
"exness","EURUSD","2023-06-27 01:03:16.275Z",1.09051,1.09057
"exness","EURUSD","2023-06-27 01:03:17.445Z",1.09052,1.09057
"exness","EURUSD","2023-06-27 01:03:17.679Z",1.0905,1.09056
"exness","EURUSD","2023-06-27 01:03:18.475Z",1.09049,1.09055
"exness","EURUSD","2023-06-27 01:03:19.797Z",1.09048,1.09053
"exness","EURUSD","2023-06-27 01:03:21.126Z",1.09048,1.09054
"exness","EURUSD","2023-06-27 01:03:26.471Z",1.09049,1.09055
"exness","EURUSD","2023-06-27 01:03:30.017Z",1.0905,1.09056
"exness","EURUSD","2023-06-27 01:03:31.822Z",1.09052,1.09057
"exness","EURUSD","2023-06-27 01:03:32.862Z",1.09052,1.09058
"exness","EURUSD","2023-06-27 01:03:33.913Z",1.09052,1.09057
"exness","EURUSD","2023-06-27 01:03:36.530Z",1.09052,1.09058
"exness","EURUSD","2023-06-27 01:03:37.738Z",1.09051,1.09057
"exness","EURUSD","2023-06-27 01:03:39.779Z",1.09051,1.09056
"exness","EURUSD","2023-06-27 01:03:42.123Z",1.0905,1.09055
"exness","EURUSD","2023-06-27 01:03:42.317Z",1.09049,1.09055
