Exness,Symbol,Timestamp,Bid,Ask
exness,EURUSD,2023-05-03 00:00:00.397Z,1.10106,1.10112
exness,EURUSD,2023-05-03 00:00:00.416Z,1.10108,1.10114
exness,EURUSD,2023-05-03 00:00:00.523Z,1.10109,1.10116
exness,EURUSD,2023-05-03 00:00:04.010Z,1.10111,1.10117
exness,EURUSD,2023-05-03 00:00:04.070Z,1.10113,1.10119
exness,EURUSD,2023-05-03 00:00:04.739Z,1.10114,1.1012
exness,EURUSD,2023-05-03 00:00:05.536Z,1.10116,1.10122
exness,EURUSD,2023-05-03 00:00:07.266Z,1.10117,1.10124
exness,EURUSD,2023-05-03 00:00:08.333Z,1.10119,1.10125
exness,EURUSD,2023-05-03 00:00:08.904Z,1.1012,1.10127
exness,EURUSD,2023-05-03 00:00:09.083Z,1.10122,1.10127
exness,EURUSD,2023-05-03 00:00:15.365Z,1.1012,1.10127
exness,EURUSD,2023-05-03 00:00:15.410Z,1.10119,1.10125
exness,EURUSD,2023-05-03 00:00:15.966Z,1.10118,1.10123
exness,EURUSD,2023-05-03 00:00:24.355Z,1.10117,1.10123
exness,EURUSD,2023-05-03 00:00:27.071Z,1.10117,1.10122
exness,EURUSD,2023-05-03 00:00:28.178Z,1.10117,1.10123
exness,EURUSD,2023-05-03 00:00:30.161Z,1.10115,1.10122
exness,EURUSD,2023-05-03 00:00:30.257Z,1.10114,1.1012
exness,EURUSD,2023-05-03 00:00:34.302Z,1.10113,1.10119
exness,EURUSD,2023-05-03 00:00:34.417Z,1.10112,1.10117
exness,EURUSD,2023-05-03 00:00:37.513Z,1.10112,1.10118
exness,EURUSD,2023-05-03 00:00:39.665Z,1.10113,1.1012
exness,EURUSD,2023-05-03 00:00:39.688Z,1.10115,1.10121
exness,EURUSD,2023-05-03 00:00:39.736Z,1.10117,1.10123
exness,EURUSD,2023-05-03 00:00:42.326Z,1.10116,1.10121
exness,EURUSD,2023-05-03 00:00:44.508Z,1.10115,1.10121
exness,EURUSD,2023-05-03 00:00:46.683Z,1.10114,1.1012
exness,EURUSD,2023-05-03 00:00:50.801Z,1.10115,1.10121
exness,EURUSD,2023-05-03 00:00:58.823Z,1.10116,1.10123
exness,EURUSD,2023-05-03 00:00:59.845Z,1.10118,1.10123
exness,EURUSD,2023-05-03 00:01:00.673Z,1.10118,1.10124
exness,EURUSD,2023-05-03 00:01:00.689Z,1.1012,1.10126
exness,EURUSD,2023-05-03 00:01:00.709Z,1.10121,1.10128
exness,EURUSD,2023-05-03 00:01:01.909Z,1.10122,1.10129
exness,EURUSD,2023-05-03 00:01:02.086Z,1.10122,1.10127
exness,EURUSD,2023-05-03 00:01:07.090Z,1.10123,1.10129
exness,EURUSD,2023-05-03 00:01:07.119Z,1.10125,1.10131
exness,EURUSD,2023-05-03 00:01:07.161Z,1.10126,1.10132
exness,EURUSD,2023-05-03 00:01:09.550Z,1.10128,1.10133
exness,EURUSD,2023-05-03 00:01:23.414Z,1.10126,1.10132
exness,EURUSD,2023-05-03 00:01:27.323Z,1.10124,1.1013
exness,EURUSD,2023-05-03 00:01:27.403Z,1.10122,1.10129
exness,EURUSD,2023-05-03 00:01:27.425Z,1.10121,1.10127
exness,EURUSD,2023-05-03 00:01:51.404Z,1.10122,1.10128
exness,EURUSD,2023-05-03 00:01:58.456Z,1.1012,1.10127
exness,EURUSD,2023-05-03 00:02:03.672Z,1.10119,1.10125
exness,EURUSD,2023-05-03 00:02:03.800Z,1.10117,1.10123
exness,EURUSD,2023-05-03 00:02:11.634Z,1.10116,1.10122
exness,EURUSD,2023-05-03 00:02:11.751Z,1.10114,1.1012
exness,EURUSD,2023-05-03 00:02:13.164Z,1.10113,1.10119
exness,EURUSD,2023-05-03 00:02:13.978Z,1.10113,1.10118
exness,EURUSD,2023-05-03 00:02:15.755Z,1.10111,1.10117
exness,EURUSD,2023-05-03 00:02:15.802Z,1.10109,1.10115
exness,EURUSD,2023-05-03 00:02:17.995Z,1.10108,1.10114
exness,EURUSD,2023-05-03 00:02:18.225Z,1.10107,1.10113
exness,EURUSD,2023-05-03 00:02:18.272Z,1.10106,1.10111
exness,EURUSD,2023-05-03 00:02:18.570Z,1.10106,1.10113
exness,EURUSD,2023-05-03 00:02:20.289Z,1.10109,1.10115
exness,EURUSD,2023-05-03 00:02:20.323Z,1.1011,1.10117
exness,EURUSD,2023-05-03 00:02:23.135Z,1.10112,1.10118
exness,EURUSD,2023-05-03 00:02:29.441Z,1.10114,1.1012
exness,EURUSD,2023-05-03 00:02:32.210Z,1.10114,1.10119
exness,EURUSD,2023-05-03 00:02:44.592Z,1.10111,1.10117
exness,EURUSD,2023-05-03 00:02:44.616Z,1.10109,1.10116
exness,EURUSD,2023-05-03 00:02:44.656Z,1.10108,1.10114
exness,EURUSD,2023-05-03 00:02:44.684Z,1.10106,1.10112
exness,EURUSD,2023-05-03 00:02:44.698Z,1.10105,1.10111
exness,EURUSD,2023-05-03 00:02:46.029Z,1.10104,1.10109
exness,EURUSD,2023-05-03 00:02:47.674Z,1.10105,1.10111
exness,EURUSD,2023-05-03 00:02:47.681Z,1.10106,1.10111
exness,EURUSD,2023-05-03 00:02:47.689Z,1.10107,1.10113
exness,EURUSD,2023-05-03 00:02:47.728Z,1.10108,1.10113
exness,EURUSD,2023-05-03 00:03:01.311Z,1.10106,1.10112
exness,EURUSD,2023-05-03 00:03:02.905Z,1.10107,1.10112
exness,EURUSD,2023-05-03 00:03:05.591Z,1.10108,1.10114
exness,EURUSD,2023-05-03 00:03:05.646Z,1.10109,1.10116
exness,EURUSD,2023-05-03 00:03:06.011Z,1.10111,1.10116
exness,EURUSD,2023-05-03 00:03:14.042Z,1.10108,1.10115
exness,EURUSD,2023-05-03 00:03:19.121Z,1.10106,1.10112
exness,EURUSD,2023-05-03 00:03:26.774Z,1.10106,1.10111
exness,EURUSD,2023-05-03 00:03:26.805Z,1.10107,1.10113
exness,EURUSD,2023-05-03 00:03:58.215Z,1.10108,1.10113
exness,EURUSD,2023-05-03 00:03:59.445Z,1.10107,1.10113
exness,EURUSD,2023-05-03 00:04:00.249Z,1.10106,1.10111
exness,EURUSD,2023-05-03 00:04:01.446Z,1.10105,1.10111
exness,EURUSD,2023-05-03 00:04:01.645Z,1.10103,1.10109
exness,EURUSD,2023-05-03 00:04:02.448Z,1.10102,1.10107
exness,EURUSD,2023-05-03 00:04:08.838Z,1.10102,1.10109
exness,EURUSD,2023-05-03 00:04:19.258Z,1.10104,1.10111
exness,EURUSD,2023-05-03 00:04:19.269Z,1.10106,1.10112
exness,EURUSD,2023-05-03 00:04:19.324Z,1.10108,1.10114
exness,EURUSD,2023-05-03 00:04:44.073Z,1.10106,1.10113
exness,EURUSD,2023-05-03 00:04:44.111Z,1.10105,1.10111
exness,EURUSD,2023-05-03 00:04:44.144Z,1.10103,1.1011
exness,EURUSD,2023-05-03 00:04:53.426Z,1.10102,1.10108
exness,EURUSD,2023-05-03 00:05:15.061Z,1.101,1.10106
exness,EURUSD,2023-05-03 00:05:15.067Z,1.10099,1.10105
exness,EURUSD,2023-05-03 00:05:15.089Z,1.10097,1.10103
exness,EURUSD,2023-05-03 00:05:15.142Z,1.10096,1.10102
exness,EURUSD,2023-05-03 00:05:15.184Z,1.10094,1.101
exness,EURUSD,2023-05-03 00:05:15.322Z,1.10094,1.10099
exness,EURUSD,2023-05-03 00:05:17.817Z,1.10094,1.101
exness,EURUSD,2023-05-03 00:05:18.864Z,1.10095,1.10101
exness,EURUSD,2023-05-03 00:05:20.163Z,1.10097,1.10103
exness,EURUSD,2023-05-03 00:05:26.549Z,1.10095,1.10101
exness,EURUSD,2023-05-03 00:05:30.749Z,1.10096,1.10102
exness,EURUSD,2023-05-03 00:05:43.925Z,1.10093,1.101
exness,EURUSD,2023-05-03 00:05:43.960Z,1.10092,1.10098
exness,EURUSD,2023-05-03 00:05:43.988Z,1.1009,1.10097
exness,EURUSD,2023-05-03 00:05:44.599Z,1.10089,1.10095
exness,EURUSD,2023-05-03 00:05:44.603Z,1.10088,1.10093
exness,EURUSD,2023-05-03 00:05:44.612Z,1.10089,1.10095
exness,EURUSD,2023-05-03 00:05:45.415Z,1.1009,1.10097
exness,EURUSD,2023-05-03 00:06:00.615Z,1.10091,1.10098
exness,EURUSD,2023-05-03 00:06:04.512Z,1.10089,1.10096
exness,EURUSD,2023-05-03 00:06:04.532Z,1.10088,1.10094
exness,EURUSD,2023-05-03 00:06:04.562Z,1.10086,1.10092
exness,EURUSD,2023-05-03 00:06:06.912Z,1.10086,1.10091
exness,EURUSD,2023-05-03 00:06:17.835Z,1.10087,1.10093
exness,EURUSD,2023-05-03 00:06:17.856Z,1.10089,1.10095
exness,EURUSD,2023-05-03 00:06:17.890Z,1.10091,1.10097
exness,EURUSD,2023-05-03 00:06:18.029Z,1.10092,1.10097
exness,EURUSD,2023-05-03 00:06:24.010Z,1.10091,1.10097
exness,EURUSD,2023-05-03 00:06:27.691Z,1.10089,1.10096
exness,EURUSD,2023-05-03 00:06:31.085Z,1.10088,1.10094
exness,EURUSD,2023-05-03 00:06:33.679Z,1.10087,1.10093
exness,EURUSD,2023-05-03 00:06:37.524Z,1.10088,1.10093
exness,EURUSD,2023-05-03 00:06:38.608Z,1.10087,1.10093
exness,EURUSD,2023-05-03 00:06:45.700Z,1.10089,1.10095
exness,EURUSD,2023-05-03 00:06:45.728Z,1.10091,1.10097
exness,EURUSD,2023-05-03 00:06:45.739Z,1.10092,1.10098
exness,EURUSD,2023-05-03 00:06:45.763Z,1.10094,1.101
exness,EURUSD,2023-05-03 00:06:45.855Z,1.10095,1.101
exness,EURUSD,2023-05-03 00:07:21.989Z,1.10096,1.10102
exness,EURUSD,2023-05-03 00:07:22.091Z,1.10098,1.10104
exness,EURUSD,2023-05-03 00:07:28.998Z,1.10099,1.10105
exness,EURUSD,2023-05-03 00:07:29.066Z,1.10101,1.10107
exness,EURUSD,2023-05-03 00:07:30.096Z,1.10102,1.10108
exness,EURUSD,2023-05-03 00:07:45.172Z,1.10101,1.10107
exness,EURUSD,2023-05-03 00:07:45.181Z,1.10099,1.10105
exness,EURUSD,2023-05-03 00:07:45.193Z,1.10098,1.10104
exness,EURUSD,2023-05-03 00:07:45.445Z,1.10096,1.10102
exness,EURUSD,2023-05-03 00:07:45.474Z,1.10094,1.10101
exness,EURUSD,2023-05-03 00:07:46.064Z,1.10093,1.10099
exness,EURUSD,2023-05-03 00:07:50.887Z,1.10094,1.101
exness,EURUSD,2023-05-03 00:07:58.379Z,1.10093,1.10099
exness,EURUSD,2023-05-03 00:08:13.301Z,1.10092,1.10098
exness,EURUSD,2023-05-03 00:08:20.051Z,1.10093,1.10098
exness,EURUSD,2023-05-03 00:08:26.290Z,1.10092,1.10098
exness,EURUSD,2023-05-03 00:08:26.642Z,1.10093,1.10098
exness,EURUSD,2023-05-03 00:08:33.017Z,1.10093,1.101
exness,EURUSD,2023-05-03 00:08:34.105Z,1.10091,1.10097
exness,EURUSD,2023-05-03 00:08:34.117Z,1.10089,1.10096
exness,EURUSD,2023-05-03 00:08:34.174Z,1.10088,1.10094
exness,EURUSD,2023-05-03 00:08:37.065Z,1.1009,1.10096
exness,EURUSD,2023-05-03 00:08:37.079Z,1.10092,1.10098
exness,EURUSD,2023-05-03 00:08:38.155Z,1.10093,1.10098
exness,EURUSD,2023-05-03 00:08:44.525Z,1.10091,1.10097
exness,EURUSD,2023-05-03 00:08:49.031Z,1.1009,1.10096
exness,EURUSD,2023-05-03 00:09:00.466Z,1.10091,1.10097
exness,EURUSD,2023-05-03 00:09:06.306Z,1.10092,1.10098
exness,EURUSD,2023-05-03 00:09:21.072Z,1.10094,1.101
exness,EURUSD,2023-05-03 00:09:21.200Z,1.10095,1.10101
exness,EURUSD,2023-05-03 00:09:23.355Z,1.10097,1.10103
exness,EURUSD,2023-05-03 00:09:26.470Z,1.10098,1.10103
exness,EURUSD,2023-05-03 00:09:30.547Z,1.10098,1.10105
exness,EURUSD,2023-05-03 00:09:31.703Z,1.101,1.10105
exness,EURUSD,2023-05-03 00:09:37.154Z,1.10099,1.10105
exness,EURUSD,2023-05-03 00:09:39.276Z,1.10097,1.10103
exness,EURUSD,2023-05-03 00:09:39.448Z,1.10096,1.10101
exness,EURUSD,2023-05-03 00:09:40.759Z,1.10096,1.10103
exness,EURUSD,2023-05-03 00:10:01.476Z,1.10095,1.10101
exness,EURUSD,2023-05-03 00:10:01.530Z,1.10093,1.101
exness,EURUSD,2023-05-03 00:10:02.194Z,1.10092,1.10098
exness,EURUSD,2023-05-03 00:10:02.209Z,1.1009,1.10097
exness,EURUSD,2023-05-03 00:10:02.237Z,1.10088,1.10094
exness,EURUSD,2023-05-03 00:10:02.411Z,1.10087,1.10093
exness,EURUSD,2023-05-03 00:10:02.437Z,1.10085,1.10091
exness,EURUSD,2023-05-03 00:10:02.484Z,1.10085,1.1009
exness,EURUSD,2023-05-03 00:10:04.268Z,1.10083,1.10089
exness,EURUSD,2023-05-03 00:10:05.509Z,1.10082,1.10088
exness,EURUSD,2023-05-03 00:10:23.739Z,1.1008,1.10086
exness,EURUSD,2023-05-03 00:10:27.349Z,1.10079,1.10085
exness,EURUSD,2023-05-03 00:10:28.124Z,1.10078,1.10084
exness,EURUSD,2023-05-03 00:10:28.152Z,1.10076,1.10082
exness,EURUSD,2023-05-03 00:10:28.354Z,1.10074,1.10081
exness,EURUSD,2023-05-03 00:10:29.632Z,1.10074,1.10079
exness,EURUSD,2023-05-03 00:10:29.738Z,1.10074,1.10081
exness,EURUSD,2023-05-03 00:10:35.516Z,1.10076,1.10081
exness,EURUSD,2023-05-03 00:10:45.101Z,1.10074,1.1008
exness,EURUSD,2023-05-03 00:10:45.132Z,1.10072,1.10078
exness,EURUSD,2023-05-03 00:10:45.215Z,1.10071,1.10077
exness,EURUSD,2023-05-03 00:10:45.271Z,1.10069,1.10075
exness,EURUSD,2023-05-03 00:10:46.763Z,1.10068,1.10074
exness,EURUSD,2023-05-03 00:10:47.763Z,1.10069,1.10075
exness,EURUSD,2023-05-03 00:10:47.768Z,1.10071,1.10077
exness,EURUSD,2023-05-03 00:10:47.798Z,1.10072,1.10079
exness,EURUSD,2023-05-03 00:10:50.925Z,1.10071,1.10077
exness,EURUSD,2023-05-03 00:10:52.918Z,1.10069,1.10075
exness,EURUSD,2023-05-03 00:10:52.985Z,1.10068,1.10074
exness,EURUSD,2023-05-03 00:10:53.134Z,1.10066,1.10072
exness,EURUSD,2023-05-03 00:10:54.112Z,1.10066,1.10071
exness,EURUSD,2023-05-03 00:10:54.397Z,1.10064,1.10071
exness,EURUSD,2023-05-03 00:10:54.657Z,1.10064,1.10069
exness,EURUSD,2023-05-03 00:11:02.892Z,1.10062,1.10068
exness,EURUSD,2023-05-03 00:11:02.953Z,1.1006,1.10066
exness,EURUSD,2023-05-03 00:11:05.119Z,1.1006,1.10065
exness,EURUSD,2023-05-03 00:11:08.429Z,1.1006,1.10067
exness,EURUSD,2023-05-03 00:11:09.239Z,1.10062,1.10068
exness,EURUSD,2023-05-03 00:11:11.046Z,1.10064,1.1007
exness,EURUSD,2023-05-03 00:11:12.103Z,1.10062,1.10069
exness,EURUSD,2023-05-03 00:11:17.468Z,1.1006,1.10067
exness,EURUSD,2023-05-03 00:11:17.480Z,1.10059,1.10065
exness,EURUSD,2023-05-03 00:11:19.631Z,1.10057,1.10063
exness,EURUSD,2023-05-03 00:11:31.746Z,1.10057,1.10062
exness,EURUSD,2023-05-03 00:11:32.972Z,1.10057,1.10063
exness,EURUSD,2023-05-03 00:12:23.735Z,1.10056,1.10062
exness,EURUSD,2023-05-03 00:12:23.758Z,1.10054,1.1006
exness,EURUSD,2023-05-03 00:12:23.805Z,1.10053,1.10059
exness,EURUSD,2023-05-03 00:12:23.904Z,1.10052,1.10057
exness,EURUSD,2023-05-03 00:12:24.018Z,1.10051,1.10057
exness,EURUSD,2023-05-03 00:12:24.035Z,1.10049,1.10055
exness,EURUSD,2023-05-03 00:12:24.096Z,1.10047,1.10054
exness,EURUSD,2023-05-03 00:12:24.625Z,1.10047,1.10052
exness,EURUSD,2023-05-03 00:12:26.177Z,1.10048,1.10054
exness,EURUSD,2023-05-03 00:12:26.186Z,1.10049,1.10056
exness,EURUSD,2023-05-03 00:12:26.202Z,1.10051,1.10057
exness,EURUSD,2023-05-03 00:12:26.595Z,1.10053,1.10058
exness,EURUSD,2023-05-03 00:12:27.777Z,1.10053,1.10059
exness,EURUSD,2023-05-03 00:12:29.800Z,1.10054,1.1006
exness,EURUSD,2023-05-03 00:12:31.476Z,1.10055,1.10062
exness,EURUSD,2023-05-03 00:12:32.023Z,1.10057,1.10062
exness,EURUSD,2023-05-03 00:12:40.135Z,1.10055,1.10062
exness,EURUSD,2023-05-03 00:12:40.159Z,1.10054,1.1006
exness,EURUSD,2023-05-03 00:12:40.284Z,1.10052,1.10059
exness,EURUSD,2023-05-03 00:12:41.768Z,1.10052,1.10057
exness,EURUSD,2023-05-03 00:12:48.258Z,1.10054,1.1006
exness,EURUSD,2023-05-03 00:12:48.424Z,1.10056,1.10061
exness,EURUSD,2023-05-03 00:12:54.853Z,1.10056,1.10062
exness,EURUSD,2023-05-03 00:12:55.890Z,1.10057,1.10062
exness,EURUSD,2023-05-03 00:13:00.673Z,1.10056,1.10062
exness,EURUSD,2023-05-03 00:13:01.345Z,1.10055,1.1006
exness,EURUSD,2023-05-03 00:13:05.556Z,1.10056,1.10062
exness,EURUSD,2023-05-03 00:13:10.280Z,1.10057,1.10062
exness,EURUSD,2023-05-03 00:13:25.381Z,1.10058,1.10064
exness,EURUSD,2023-05-03 00:13:34.809Z,1.10057,1.10063
exness,EURUSD,2023-05-03 00:13:55.125Z,1.10055,1.10062
exness,EURUSD,2023-05-03 00:13:55.186Z,1.10054,1.1006
exness,EURUSD,2023-05-03 00:13:56.318Z,1.10053,1.10059
exness,EURUSD,2023-05-03 00:14:04.103Z,1.10054,1.10059
exness,EURUSD,2023-05-03 00:14:14.078Z,1.10053,1.10059
exness,EURUSD,2023-05-03 00:14:16.492Z,1.10054,1.10059
exness,EURUSD,2023-05-03 00:14:17.786Z,1.10055,1.10061
exness,EURUSD,2023-05-03 00:14:17.909Z,1.10056,1.10063
exness,EURUSD,2023-05-03 00:14:21.735Z,1.10058,1.10064
exness,EURUSD,2023-05-03 00:14:21.759Z,1.10059,1.10066
exness,EURUSD,2023-05-03 00:14:22.040Z,1.10061,1.10067
exness,EURUSD,2023-05-03 00:14:33.099Z,1.10062,1.10068
exness,EURUSD,2023-05-03 00:14:33.783Z,1.10063,1.1007
exness,EURUSD,2023-05-03 00:14:36.449Z,1.10066,1.10071
exness,EURUSD,2023-05-03 00:14:39.203Z,1.10066,1.10072
exness,EURUSD,2023-05-03 00:14:39.660Z,1.10068,1.10073
exness,EURUSD,2023-05-03 00:14:50.607Z,1.10068,1.10074
exness,EURUSD,2023-05-03 00:15:02.578Z,1.10068,1.10073
exness,EURUSD,2023-05-03 00:15:02.862Z,1.10068,1.10074
exness,EURUSD,2023-05-03 00:15:03.123Z,1.1007,1.10076
exness,EURUSD,2023-05-03 00:15:03.176Z,1.10071,1.10078
exness,EURUSD,2023-05-03 00:15:12.104Z,1.10073,1.10079
exness,EURUSD,2023-05-03 00:15:22.586Z,1.10071,1.10077
exness,EURUSD,2023-05-03 00:15:22.604Z,1.1007,1.10076
exness,EURUSD,2023-05-03 00:15:22.660Z,1.10068,1.10074
exness,EURUSD,2023-05-03 00:15:31.350Z,1.10067,1.10073
exness,EURUSD,2023-05-03 00:15:34.371Z,1.10066,1.10072
exness,EURUSD,2023-05-03 00:15:34.403Z,1.10064,1.1007
exness,EURUSD,2023-05-03 00:15:35.249Z,1.10063,1.10069
exness,EURUSD,2023-05-03 00:15:40.779Z,1.10064,1.1007
exness,EURUSD,2023-05-03 00:15:40.811Z,1.10066,1.10072
exness,EURUSD,2023-05-03 00:15:40.910Z,1.10067,1.10073
exness,EURUSD,2023-05-03 00:15:41.566Z,1.10069,1.10075
exness,EURUSD,2023-05-03 00:15:41.576Z,1.1007,1.10076
exness,EURUSD,2023-05-03 00:15:42.141Z,1.10072,1.10077
exness,EURUSD,2023-05-03 00:15:56.901Z,1.10072,1.10078
exness,EURUSD,2023-05-03 00:16:00.550Z,1.10074,1.1008
exness,EURUSD,2023-05-03 00:16:00.590Z,1.10075,1.10081
exness,EURUSD,2023-05-03 00:16:01.626Z,1.10077,1.10083
exness,EURUSD,2023-05-03 00:16:05.265Z,1.10079,1.10085
exness,EURUSD,2023-05-03 00:16:05.288Z,1.10081,1.10087
exness,EURUSD,2023-05-03 00:16:06.312Z,1.10082,1.10087
exness,EURUSD,2023-05-03 00:16:10.576Z,1.10082,1.10089
exness,EURUSD,2023-05-03 00:16:10.594Z,1.10084,1.1009
exness,EURUSD,2023-05-03 00:16:13.786Z,1.10086,1.10092
exness,EURUSD,2023-05-03 00:16:14.686Z,1.10087,1.10092
exness,EURUSD,2023-05-03 00:16:26.422Z,1.10085,1.10091
exness,EURUSD,2023-05-03 00:16:26.497Z,1.10084,1.1009
exness,EURUSD,2023-05-03 00:16:27.564Z,1.10083,1.10088
exness,EURUSD,2023-05-03 00:16:29.820Z,1.10082,1.10088
exness,EURUSD,2023-05-03 00:16:34.215Z,1.1008,1.10086
exness,EURUSD,2023-05-03 00:16:40.097Z,1.10082,1.10087
exness,EURUSD,2023-05-03 00:16:46.547Z,1.10082,1.10089
exness,EURUSD,2023-05-03 00:16:48.627Z,1.10081,1.10087
exness,EURUSD,2023-05-03 00:16:48.744Z,1.10079,1.10086
exness,EURUSD,2023-05-03 00:16:51.725Z,1.10081,1.10087
exness,EURUSD,2023-05-03 00:16:54.687Z,1.10082,1.10087
exness,EURUSD,2023-05-03 00:17:05.709Z,1.1008,1.10087
exness,EURUSD,2023-05-03 00:17:09.473Z,1.10083,1.10089
exness,EURUSD,2023-05-03 00:17:09.499Z,1.10084,1.10091
exness,EURUSD,2023-05-03 00:17:09.518Z,1.10086,1.10092
exness,EURUSD,2023-05-03 00:17:09.531Z,1.10088,1.10094
exness,EURUSD,2023-05-03 00:17:09.548Z,1.1009,1.10095
exness,EURUSD,2023-05-03 00:17:09.564Z,1.1009,1.10096
exness,EURUSD,2023-05-03 00:17:16.018Z,1.10089,1.10095
exness,EURUSD,2023-05-03 00:17:19.974Z,1.1009,1.10097
exness,EURUSD,2023-05-03 00:17:29.668Z,1.10092,1.10097
exness,EURUSD,2023-05-03 00:17:30.703Z,1.1009,1.10097
exness,EURUSD,2023-05-03 00:17:30.784Z,1.10092,1.10097
exness,EURUSD,2023-05-03 00:17:30.802Z,1.10092,1.10099
exness,EURUSD,2023-05-03 00:17:30.812Z,1.10094,1.101
exness,EURUSD,2023-05-03 00:17:30.819Z,1.10096,1.10102
exness,EURUSD,2023-05-03 00:17:30.840Z,1.10097,1.10104
exness,EURUSD,2023-05-03 00:17:31.007Z,1.10099,1.10104
exness,EURUSD,2023-05-03 00:17:31.347Z,1.10098,1.10104
exness,EURUSD,2023-05-03 00:17:32.569Z,1.10097,1.10103
exness,EURUSD,2023-05-03 00:17:38.528Z,1.10094,1.10101
exness,EURUSD,2023-05-03 00:17:50.651Z,1.10095,1.10102
exness,EURUSD,2023-05-03 00:17:51.120Z,1.10097,1.10103
exness,EURUSD,2023-05-03 00:17:54.168Z,1.10098,1.10104
exness,EURUSD,2023-05-03 00:18:21.373Z,1.101,1.10106
exness,EURUSD,2023-05-03 00:18:21.395Z,1.10102,1.10108
exness,EURUSD,2023-05-03 00:18:21.423Z,1.10103,1.10109
exness,EURUSD,2023-05-03 00:18:24.857Z,1.10103,1.10108
exness,EURUSD,2023-05-03 00:18:32.655Z,1.10103,1.1011
exness,EURUSD,2023-05-03 00:18:36.848Z,1.10105,1.1011
exness,EURUSD,2023-05-03 00:18:38.214Z,1.10106,1.10112
exness,EURUSD,2023-05-03 00:18:47.618Z,1.10105,1.10111
exness,EURUSD,2023-05-03 00:18:47.635Z,1.10103,1.10109
exness,EURUSD,2023-05-03 00:19:00.624Z,1.10101,1.10107
exness,EURUSD,2023-05-03 00:19:00.658Z,1.10099,1.10105
exness,EURUSD,2023-05-03 00:19:02.785Z,1.10098,1.10104
exness,EURUSD,2023-05-03 00:19:17.235Z,1.10097,1.10103
exness,EURUSD,2023-05-03 00:19:19.157Z,1.10094,1.10101
exness,EURUSD,2023-05-03 00:19:22.520Z,1.10093,1.10099
exness,EURUSD,2023-05-03 00:19:24.847Z,1.10094,1.10099
exness,EURUSD,2023-05-03 00:19:31.489Z,1.10092,1.10098
exness,EURUSD,2023-05-03 00:19:31.559Z,1.1009,1.10096
exness,EURUSD,2023-05-03 00:19:49.128Z,1.10088,1.10095
exness,EURUSD,2023-05-03 00:19:57.945Z,1.10087,1.10094
exness,EURUSD,2023-05-03 00:19:58.882Z,1.10087,1.10092
exness,EURUSD,2023-05-03 00:20:01.673Z,1.10087,1.10094
exness,EURUSD,2023-05-03 00:20:03.594Z,1.10089,1.10095
exness,EURUSD,2023-05-03 00:20:05.810Z,1.1009,1.10097
exness,EURUSD,2023-05-03 00:20:07.453Z,1.10092,1.10098
exness,EURUSD,2023-05-03 00:20:09.593Z,1.10093,1.10099
exness,EURUSD,2023-05-03 00:20:10.381Z,1.10094,1.10101
exness,EURUSD,2023-05-03 00:20:13.234Z,1.10096,1.10102
exness,EURUSD,2023-05-03 00:20:13.261Z,1.10097,1.10103
exness,EURUSD,2023-05-03 00:20:18.540Z,1.10098,1.10104
exness,EURUSD,2023-05-03 00:20:27.490Z,1.10099,1.10104
exness,EURUSD,2023-05-03 00:20:35.313Z,1.10098,1.10104
exness,EURUSD,2023-05-03 00:20:47.636Z,1.10096,1.10102
exness,EURUSD,2023-05-03 00:20:50.624Z,1.10094,1.101
exness,EURUSD,2023-05-03 00:20:53.002Z,1.10091,1.10097
exness,EURUSD,2023-05-03 00:20:53.552Z,1.10091,1.10096
exness,EURUSD,2023-05-03 00:20:57.716Z,1.10091,1.10097
exness,EURUSD,2023-05-03 00:21:01.587Z,1.10089,1.10095
exness,EURUSD,2023-05-03 00:21:40.324Z,1.10087,1.10093
exness,EURUSD,2023-05-03 00:22:00.866Z,1.10089,1.10095
exness,EURUSD,2023-05-03 00:22:07.157Z,1.10089,1.10094
exness,EURUSD,2023-05-03 00:22:24.706Z,1.10086,1.10093
exness,EURUSD,2023-05-03 00:22:25.715Z,1.10085,1.10092
exness,EURUSD,2023-05-03 00:22:26.260Z,1.10087,1.10092
exness,EURUSD,2023-05-03 00:22:39.136Z,1.10084,1.10091
exness,EURUSD,2023-05-03 00:22:39.174Z,1.10082,1.10088
exness,EURUSD,2023-05-03 00:22:39.277Z,1.10081,1.10087
exness,EURUSD,2023-05-03 00:22:40.208Z,1.10082,1.10089
exness,EURUSD,2023-05-03 00:22:56.350Z,1.10085,1.10091
exness,EURUSD,2023-05-03 00:22:56.363Z,1.10087,1.10093
exness,EURUSD,2023-05-03 00:22:58.941Z,1.10089,1.10094
exness,EURUSD,2023-05-03 00:23:05.075Z,1.1009,1.10096
exness,EURUSD,2023-05-03 00:23:05.109Z,1.10092,1.10098
exness,EURUSD,2023-05-03 00:23:05.167Z,1.10093,1.10099
exness,EURUSD,2023-05-03 00:23:08.905Z,1.10095,1.101
exness,EURUSD,2023-05-03 00:23:10.980Z,1.10093,1.101
exness,EURUSD,2023-05-03 00:23:14.617Z,1.10092,1.10099
exness,EURUSD,2023-05-03 00:23:17.022Z,1.10091,1.10097
exness,EURUSD,2023-05-03 00:23:33.969Z,1.10093,1.10099
exness,EURUSD,2023-05-03 00:23:40.354Z,1.10094,1.10101
exness,EURUSD,2023-05-03 00:23:45.607Z,1.10096,1.10102
exness,EURUSD,2023-05-03 00:23:46.237Z,1.10098,1.10103
exness,EURUSD,2023-05-03 00:23:50.681Z,1.10098,1.10104
exness,EURUSD,2023-05-03 00:24:17.838Z,1.10099,1.10105
exness,EURUSD,2023-05-03 00:24:17.859Z,1.10101,1.10107
exness,EURUSD,2023-05-03 00:24:23.767Z,1.10101,1.10106
exness,EURUSD,2023-05-03 00:24:23.839Z,1.10101,1.10107
exness,EURUSD,2023-05-03 00:24:35.472Z,1.10103,1.10108
exness,EURUSD,2023-05-03 00:25:28.082Z,1.10103,1.10109
exness,EURUSD,2023-05-03 00:25:29.074Z,1.10104,1.1011
exness,EURUSD,2023-05-03 00:25:30.398Z,1.10105,1.10112
exness,EURUSD,2023-05-03 00:25:32.691Z,1.10107,1.10112
exness,EURUSD,2023-05-03 00:25:36.776Z,1.10107,1.10114
exness,EURUSD,2023-05-03 00:25:37.162Z,1.10106,1.10112
exness,EURUSD,2023-05-03 00:25:38.350Z,1.10107,1.10113
exness,EURUSD,2023-05-03 00:25:58.394Z,1.10105,1.10111
exness,EURUSD,2023-05-03 00:25:58.626Z,1.10104,1.10109
exness,EURUSD,2023-05-03 00:25:58.765Z,1.10102,1.10109
exness,EURUSD,2023-05-03 00:26:00.193Z,1.10102,1.10107
exness,EURUSD,2023-05-03 00:26:01.516Z,1.10101,1.10107
exness,EURUSD,2023-05-03 00:26:03.503Z,1.10099,1.10106
exness,EURUSD,2023-05-03 00:26:03.517Z,1.10101,1.10106
exness,EURUSD,2023-05-03 00:26:03.555Z,1.10101,1.10107
exness,EURUSD,2023-05-03 00:26:08.743Z,1.10103,1.10108
exness,EURUSD,2023-05-03 00:26:12.415Z,1.10101,1.10107
exness,EURUSD,2023-05-03 00:26:12.502Z,1.10099,1.10106
exness,EURUSD,2023-05-03 00:26:16.989Z,1.10098,1.10105
exness,EURUSD,2023-05-03 00:26:17.924Z,1.101,1.10106
exness,EURUSD,2023-05-03 00:26:17.942Z,1.10102,1.10108
exness,EURUSD,2023-05-03 00:26:17.999Z,1.10103,1.10108
exness,EURUSD,2023-05-03 00:26:18.032Z,1.10104,1.1011
exness,EURUSD,2023-05-03 00:26:29.563Z,1.10105,1.1011
exness,EURUSD,2023-05-03 00:26:42.859Z,1.10107,1.10113
exness,EURUSD,2023-05-03 00:26:42.878Z,1.10108,1.10115
exness,EURUSD,2023-05-03 00:26:42.893Z,1.1011,1.10116
exness,EURUSD,2023-05-03 00:26:42.900Z,1.10112,1.10118
exness,EURUSD,2023-05-03 00:26:43.030Z,1.10114,1.1012
exness,EURUSD,2023-05-03 00:26:44.319Z,1.10115,1.10121
exness,EURUSD,2023-05-03 00:27:17.832Z,1.10117,1.10123
exness,EURUSD,2023-05-03 00:27:20.256Z,1.10118,1.10124
exness,EURUSD,2023-05-03 00:28:29.094Z,1.10116,1.10123
exness,EURUSD,2023-05-03 00:28:29.137Z,1.10115,1.10121
exness,EURUSD,2023-05-03 00:28:29.156Z,1.10113,1.10119
exness,EURUSD,2023-05-03 00:28:29.300Z,1.10113,1.10118
exness,EURUSD,2023-05-03 00:28:32.099Z,1.10113,1.10119
exness,EURUSD,2023-05-03 00:28:44.749Z,1.10114,1.10121
exness,EURUSD,2023-05-03 00:28:44.758Z,1.10116,1.10122
exness,EURUSD,2023-05-03 00:28:44.797Z,1.10117,1.10124
exness,EURUSD,2023-05-03 00:29:03.608Z,1.10119,1.10124
exness,EURUSD,2023-05-03 00:29:53.436Z,1.1012,1.10126
exness,EURUSD,2023-05-03 00:29:53.680Z,1.10121,1.10126
exness,EURUSD,2023-05-03 00:29:58.021Z,1.1012,1.10126
exness,EURUSD,2023-05-03 00:29:58.114Z,1.10119,1.10124
exness,EURUSD,2023-05-03 00:30:00.188Z,1.10121,1.10127
exness,EURUSD,2023-05-03 00:30:00.221Z,1.10122,1.10128
exness,EURUSD,2023-05-03 00:30:00.349Z,1.10124,1.1013
exness,EURUSD,2023-05-03 00:30:01.079Z,1.10126,1.10131
exness,EURUSD,2023-05-03 00:30:01.086Z,1.10126,1.10132
exness,EURUSD,2023-05-03 00:30:02.087Z,1.10127,1.10132
exness,EURUSD,2023-05-03 00:30:07.687Z,1.10125,1.10132
exness,EURUSD,2023-05-03 00:30:08.617Z,1.10124,1.1013
exness,EURUSD,2023-05-03 00:30:11.306Z,1.10126,1.10132
exness,EURUSD,2023-05-03 00:30:16.043Z,1.10127,1.10134
exness,EURUSD,2023-05-03 00:30:27.499Z,1.10126,1.10132
exness,EURUSD,2023-05-03 00:30:27.519Z,1.10125,1.10131
exness,EURUSD,2023-05-03 00:30:28.539Z,1.10124,1.1013
exness,EURUSD,2023-05-03 00:30:58.688Z,1.10124,1.10129
exness,EURUSD,2023-05-03 00:30:59.786Z,1.10121,1.10128
exness,EURUSD,2023-05-03 00:31:01.297Z,1.10123,1.10129
exness,EURUSD,2023-05-03 00:31:03.767Z,1.10124,1.10131
exness,EURUSD,2023-05-03 00:31:03.824Z,1.10126,1.10132
exness,EURUSD,2023-05-03 00:31:04.697Z,1.10128,1.10133
exness,EURUSD,2023-05-03 00:31:08.654Z,1.10129,1.10135
exness,EURUSD,2023-05-03 00:31:08.686Z,1.1013,1.10136
exness,EURUSD,2023-05-03 00:31:08.728Z,1.10132,1.10138
exness,EURUSD,2023-05-03 00:31:12.423Z,1.10133,1.10138
exness,EURUSD,2023-05-03 00:31:12.989Z,1.10131,1.10138
exness,EURUSD,2023-05-03 00:31:16.555Z,1.10129,1.10136
exness,EURUSD,2023-05-03 00:31:22.123Z,1.10129,1.10134
exness,EURUSD,2023-05-03 00:31:30.872Z,1.1013,1.10136
exness,EURUSD,2023-05-03 00:31:30.944Z,1.10132,1.10138
exness,EURUSD,2023-05-03 00:31:33.134Z,1.10131,1.10137
exness,EURUSD,2023-05-03 00:31:40.870Z,1.10131,1.10136
exness,EURUSD,2023-05-03 00:31:47.131Z,1.10131,1.10137
exness,EURUSD,2023-05-03 00:31:50.552Z,1.10131,1.10136
exness,EURUSD,2023-05-03 00:31:53.348Z,1.10131,1.10137
exness,EURUSD,2023-05-03 00:31:54.447Z,1.10132,1.10139
exness,EURUSD,2023-05-03 00:31:54.740Z,1.10134,1.10139
exness,EURUSD,2023-05-03 00:31:55.819Z,1.10133,1.10139
exness,EURUSD,2023-05-03 00:31:59.453Z,1.10131,1.10137
exness,EURUSD,2023-05-03 00:31:59.457Z,1.10129,1.10135
exness,EURUSD,2023-05-03 00:31:59.512Z,1.10128,1.10134
exness,EURUSD,2023-05-03 00:32:10.118Z,1.1013,1.10136
exness,EURUSD,2023-05-03 00:32:10.165Z,1.10132,1.10137
exness,EURUSD,2023-05-03 00:32:13.770Z,1.1013,1.10135
exness,EURUSD,2023-05-03 00:32:17.059Z,1.10131,1.10138
exness,EURUSD,2023-05-03 00:32:24.664Z,1.1013,1.10136
exness,EURUSD,2023-05-03 00:32:27.445Z,1.10129,1.10135
exness,EURUSD,2023-05-03 00:32:29.449Z,1.1013,1.10136
exness,EURUSD,2023-05-03 00:32:33.042Z,1.10131,1.10138
exness,EURUSD,2023-05-03 00:32:33.380Z,1.10131,1.10136
exness,EURUSD,2023-05-03 00:32:37.105Z,1.10129,1.10135
exness,EURUSD,2023-05-03 00:32:38.649Z,1.10129,1.10134
exness,EURUSD,2023-05-03 00:32:38.898Z,1.10127,1.10134
exness,EURUSD,2023-05-03 00:32:43.013Z,1.10128,1.10133
exness,EURUSD,2023-05-03 00:32:51.914Z,1.10127,1.10133
exness,EURUSD,2023-05-03 00:33:07.718Z,1.10125,1.10131
exness,EURUSD,2023-05-03 00:33:07.785Z,1.10127,1.10132
exness,EURUSD,2023-05-03 00:33:38.611Z,1.10125,1.10131
exness,EURUSD,2023-05-03 00:33:48.447Z,1.10123,1.10129
exness,EURUSD,2023-05-03 00:33:48.512Z,1.10121,1.10127
exness,EURUSD,2023-05-03 00:33:48.546Z,1.1012,1.10126
exness,EURUSD,2023-05-03 00:33:53.146Z,1.10121,1.10127
exness,EURUSD,2023-05-03 00:33:56.382Z,1.10122,1.10129
exness,EURUSD,2023-05-03 00:34:01.300Z,1.10123,1.1013
exness,EURUSD,2023-05-03 00:34:01.351Z,1.10125,1.10131
exness,EURUSD,2023-05-03 00:34:03.615Z,1.10127,1.10133
exness,EURUSD,2023-05-03 00:34:37.775Z,1.10128,1.10134
exness,EURUSD,2023-05-03 00:34:47.437Z,1.10129,1.10135
exness,EURUSD,2023-05-03 00:34:47.511Z,1.10131,1.10137
exness,EURUSD,2023-05-03 00:34:49.383Z,1.10132,1.10138
exness,EURUSD,2023-05-03 00:34:55.355Z,1.1013,1.10136
exness,EURUSD,2023-05-03 00:34:56.059Z,1.10132,1.10138
exness,EURUSD,2023-05-03 00:35:00.651Z,1.10133,1.10139
exness,EURUSD,2023-05-03 00:35:30.187Z,1.10131,1.10137
exness,EURUSD,2023-05-03 00:35:41.956Z,1.10132,1.10137
exness,EURUSD,2023-05-03 00:35:48.619Z,1.10132,1.10139
exness,EURUSD,2023-05-03 00:36:16.329Z,1.10134,1.1014
exness,EURUSD,2023-05-03 00:36:21.456Z,1.10135,1.1014
exness,EURUSD,2023-05-03 00:36:34.676Z,1.10134,1.1014
exness,EURUSD,2023-05-03 00:36:55.105Z,1.10136,1.10142
exness,EURUSD,2023-05-03 00:36:55.141Z,1.10138,1.10144
exness,EURUSD,2023-05-03 00:36:55.844Z,1.1014,1.10145
exness,EURUSD,2023-05-03 00:37:21.100Z,1.10139,1.10145
exness,EURUSD,2023-05-03 00:37:24.522Z,1.10141,1.10147
exness,EURUSD,2023-05-03 00:37:24.610Z,1.10142,1.10149
exness,EURUSD,2023-05-03 00:37:24.646Z,1.10144,1.1015
exness,EURUSD,2023-05-03 00:37:27.280Z,1.10145,1.1015
exness,EURUSD,2023-05-03 00:37:54.911Z,1.10145,1.10152
exness,EURUSD,2023-05-03 00:38:03.192Z,1.10143,1.10149
exness,EURUSD,2023-05-03 00:38:07.537Z,1.10144,1.1015
exness,EURUSD,2023-05-03 00:38:12.157Z,1.10145,1.1015
exness,EURUSD,2023-05-03 00:38:16.266Z,1.10144,1.1015
exness,EURUSD,2023-05-03 00:38:32.043Z,1.10143,1.10149
exness,EURUSD,2023-05-03 00:38:34.175Z,1.10143,1.10148
exness,EURUSD,2023-05-03 00:38:35.051Z,1.10141,1.10147
exness,EURUSD,2023-05-03 00:38:35.076Z,1.1014,1.10146
exness,EURUSD,2023-05-03 00:38:49.395Z,1.10142,1.10148
exness,EURUSD,2023-05-03 00:38:50.409Z,1.10141,1.10147
exness,EURUSD,2023-05-03 00:38:59.218Z,1.10142,1.10147
exness,EURUSD,2023-05-03 00:39:01.458Z,1.10144,1.1015
exness,EURUSD,2023-05-03 00:39:10.756Z,1.10142,1.10149
exness,EURUSD,2023-05-03 00:39:22.070Z,1.10144,1.1015
exness,EURUSD,2023-05-03 00:39:26.059Z,1.10145,1.1015
exness,EURUSD,2023-05-03 00:39:27.744Z,1.10146,1.10152
exness,EURUSD,2023-05-03 00:39:27.815Z,1.10147,1.10154
exness,EURUSD,2023-05-03 00:39:27.850Z,1.10149,1.10155
exness,EURUSD,2023-05-03 00:39:27.908Z,1.10151,1.10157
exness,EURUSD,2023-05-03 00:39:27.922Z,1.10152,1.10159
exness,EURUSD,2023-05-03 00:39:27.927Z,1.10154,1.1016
exness,EURUSD,2023-05-03 00:39:28.070Z,1.10156,1.10162
exness,EURUSD,2023-05-03 00:39:28.074Z,1.10157,1.10164
exness,EURUSD,2023-05-03 00:39:28.084Z,1.10159,1.10165
exness,EURUSD,2023-05-03 00:39:28.098Z,1.1016,1.10167
exness,EURUSD,2023-05-03 00:39:28.173Z,1.10163,1.10169
exness,EURUSD,2023-05-03 00:39:28.181Z,1.10165,1.10171
exness,EURUSD,2023-05-03 00:39:28.185Z,1.10167,1.10173
exness,EURUSD,2023-05-03 00:39:28.189Z,1.10168,1.10175
exness,EURUSD,2023-05-03 00:39:28.215Z,1.10171,1.10176
exness,EURUSD,2023-05-03 00:39:28.218Z,1.10171,1.10177
exness,EURUSD,2023-05-03 00:39:28.226Z,1.1017,1.10176
exness,EURUSD,2023-05-03 00:39:28.354Z,1.10168,1.10174
exness,EURUSD,2023-05-03 00:39:28.406Z,1.10166,1.10173
exness,EURUSD,2023-05-03 00:39:28.429Z,1.10165,1.10171
exness,EURUSD,2023-05-03 00:39:28.447Z,1.10163,1.1017
exness,EURUSD,2023-05-03 00:39:28.630Z,1.10165,1.10171
exness,EURUSD,2023-05-03 00:39:28.801Z,1.10163,1.1017
exness,EURUSD,2023-05-03 00:39:28.835Z,1.10162,1.10168
exness,EURUSD,2023-05-03 00:39:28.843Z,1.1016,1.10167
exness,EURUSD,2023-05-03 00:39:28.853Z,1.10159,1.10165
exness,EURUSD,2023-05-03 00:39:28.898Z,1.10157,1.10163
exness,EURUSD,2023-05-03 00:39:29.277Z,1.10155,1.10161
exness,EURUSD,2023-05-03 00:39:29.394Z,1.10155,1.1016
exness,EURUSD,2023-05-03 00:39:31.854Z,1.10152,1.10159
exness,EURUSD,2023-05-03 00:39:31.871Z,1.10151,1.10157
exness,EURUSD,2023-05-03 00:39:38.170Z,1.10152,1.10158
exness,EURUSD,2023-05-03 00:39:39.732Z,1.10154,1.1016
exness,EURUSD,2023-05-03 00:39:39.775Z,1.10155,1.10162
exness,EURUSD,2023-05-03 00:39:39.840Z,1.10157,1.10163
exness,EURUSD,2023-05-03 00:39:53.296Z,1.10158,1.10165
exness,EURUSD,2023-05-03 00:39:53.300Z,1.1016,1.10166
exness,EURUSD,2023-05-03 00:39:53.355Z,1.10161,1.10168
exness,EURUSD,2023-05-03 00:39:55.268Z,1.1016,1.10166
exness,EURUSD,2023-05-03 00:39:56.378Z,1.10161,1.10168
exness,EURUSD,2023-05-03 00:39:56.769Z,1.10163,1.10168
exness,EURUSD,2023-05-03 00:39:59.031Z,1.10162,1.10168
exness,EURUSD,2023-05-03 00:40:03.711Z,1.10163,1.10169
exness,EURUSD,2023-05-03 00:40:03.746Z,1.10165,1.10171
exness,EURUSD,2023-05-03 00:40:03.881Z,1.10166,1.10172
exness,EURUSD,2023-05-03 00:40:05.329Z,1.10166,1.10171
exness,EURUSD,2023-05-03 00:40:05.422Z,1.10164,1.10171
exness,EURUSD,2023-05-03 00:40:07.313Z,1.10166,1.10172
exness,EURUSD,2023-05-03 00:40:07.318Z,1.10168,1.10174
exness,EURUSD,2023-05-03 00:40:07.349Z,1.10169,1.10176
exness,EURUSD,2023-05-03 00:40:07.354Z,1.10171,1.10177
exness,EURUSD,2023-05-03 00:40:07.374Z,1.10174,1.1018
exness,EURUSD,2023-05-03 00:40:07.395Z,1.10176,1.10182
exness,EURUSD,2023-05-03 00:40:07.441Z,1.10179,1.10186
exness,EURUSD,2023-05-03 00:40:07.448Z,1.10183,1.10189
exness,EURUSD,2023-05-03 00:40:07.466Z,1.10184,1.10191
exness,EURUSD,2023-05-03 00:40:07.514Z,1.10186,1.10193
exness,EURUSD,2023-05-03 00:40:07.524Z,1.10188,1.10193
exness,EURUSD,2023-05-03 00:40:07.551Z,1.10189,1.10195
exness,EURUSD,2023-05-03 00:40:07.558Z,1.10193,1.10199
exness,EURUSD,2023-05-03 00:40:07.592Z,1.10195,1.10201
exness,EURUSD,2023-05-03 00:40:07.627Z,1.10196,1.10203
exness,EURUSD,2023-05-03 00:40:08.008Z,1.10198,1.10204
exness,EURUSD,2023-05-03 00:40:08.032Z,1.102,1.10206
exness,EURUSD,2023-05-03 00:40:08.098Z,1.10201,1.10207
exness,EURUSD,2023-05-03 00:40:08.331Z,1.102,1.10206
exness,EURUSD,2023-05-03 00:40:08.379Z,1.10198,1.10204
exness,EURUSD,2023-05-03 00:40:11.973Z,1.10197,1.10202
exness,EURUSD,2023-05-03 00:40:12.010Z,1.10197,1.10204
exness,EURUSD,2023-05-03 00:40:13.120Z,1.10197,1.10202
exness,EURUSD,2023-05-03 00:40:13.146Z,1.10195,1.10201
exness,EURUSD,2023-05-03 00:40:15.931Z,1.10193,1.10199
exness,EURUSD,2023-05-03 00:40:15.942Z,1.10191,1.10198
exness,EURUSD,2023-05-03 00:40:15.971Z,1.1019,1.10196
exness,EURUSD,2023-05-03 00:40:15.981Z,1.10188,1.10195
exness,EURUSD,2023-05-03 00:40:16.024Z,1.10187,1.10193
exness,EURUSD,2023-05-03 00:40:17.450Z,1.10187,1.10192
exness,EURUSD,2023-05-03 00:40:18.282Z,1.10185,1.10191
exness,EURUSD,2023-05-03 00:40:18.401Z,1.10184,1.1019
exness,EURUSD,2023-05-03 00:40:19.423Z,1.10181,1.10187
exness,EURUSD,2023-05-03 00:40:19.435Z,1.1018,1.10186
exness,EURUSD,2023-05-03 00:40:20.270Z,1.10179,1.10184
exness,EURUSD,2023-05-03 00:40:20.807Z,1.1018,1.10186
exness,EURUSD,2023-05-03 00:40:20.925Z,1.10181,1.10186
exness,EURUSD,2023-05-03 00:40:22.055Z,1.1018,1.10186
exness,EURUSD,2023-05-03 00:40:23.051Z,1.10179,1.10185
exness,EURUSD,2023-05-03 00:40:23.169Z,1.10177,1.10184
exness,EURUSD,2023-05-03 00:40:23.181Z,1.10176,1.10182
exness,EURUSD,2023-05-03 00:40:23.189Z,1.10174,1.1018
exness,EURUSD,2023-05-03 00:40:23.369Z,1.10173,1.10178
exness,EURUSD,2023-05-03 00:40:24.504Z,1.10174,1.1018
exness,EURUSD,2023-05-03 00:40:24.556Z,1.10175,1.10182
exness,EURUSD,2023-05-03 00:40:25.782Z,1.10177,1.10183
exness,EURUSD,2023-05-03 00:40:39.849Z,1.10175,1.10181
exness,EURUSD,2023-05-03 00:40:45.817Z,1.10173,1.10178
exness,EURUSD,2023-05-03 00:40:45.984Z,1.10172,1.10178
exness,EURUSD,2023-05-03 00:40:47.348Z,1.10171,1.10177
exness,EURUSD,2023-05-03 00:40:47.365Z,1.10169,1.10176
exness,EURUSD,2023-05-03 00:40:47.404Z,1.10168,1.10174
exness,EURUSD,2023-05-03 00:40:48.018Z,1.10167,1.10172
exness,EURUSD,2023-05-03 00:40:50.333Z,1.10166,1.10172
exness,EURUSD,2023-05-03 00:40:50.366Z,1.10164,1.1017
exness,EURUSD,2023-05-03 00:40:50.571Z,1.10163,1.10169
exness,EURUSD,2023-05-03 00:40:50.896Z,1.10161,1.10167
exness,EURUSD,2023-05-03 00:40:50.938Z,1.10159,1.10165
exness,EURUSD,2023-05-03 00:40:51.032Z,1.10161,1.10167
exness,EURUSD,2023-05-03 00:40:51.146Z,1.10162,1.10168
exness,EURUSD,2023-05-03 00:40:55.106Z,1.10163,1.1017
exness,EURUSD,2023-05-03 00:40:56.282Z,1.10165,1.10171
exness,EURUSD,2023-05-03 00:41:04.645Z,1.10163,1.10169
exness,EURUSD,2023-05-03 00:41:08.209Z,1.10161,1.10167
exness,EURUSD,2023-05-03 00:41:08.257Z,1.10159,1.10165
exness,EURUSD,2023-05-03 00:41:08.358Z,1.10157,1.10163
exness,EURUSD,2023-05-03 00:41:50.397Z,1.10159,1.10165
exness,EURUSD,2023-05-03 00:41:50.427Z,1.1016,1.10166
exness,EURUSD,2023-05-03 00:41:50.447Z,1.10162,1.10168
exness,EURUSD,2023-05-03 00:41:50.467Z,1.10163,1.1017
exness,EURUSD,2023-05-03 00:41:50.663Z,1.10165,1.1017
exness,EURUSD,2023-05-03 00:41:54.115Z,1.10166,1.10172
exness,EURUSD,2023-05-03 00:42:02.181Z,1.10165,1.10171
exness,EURUSD,2023-05-03 00:42:03.270Z,1.10164,1.1017
exness,EURUSD,2023-05-03 00:42:03.917Z,1.10162,1.10168
exness,EURUSD,2023-05-03 00:42:16.572Z,1.10164,1.1017
exness,EURUSD,2023-05-03 00:42:25.031Z,1.10162,1.10168
exness,EURUSD,2023-05-03 00:42:28.819Z,1.10161,1.10167
exness,EURUSD,2023-05-03 00:42:28.855Z,1.10159,1.10166
exness,EURUSD,2023-05-03 00:42:28.869Z,1.10158,1.10164
exness,EURUSD,2023-05-03 00:42:32.505Z,1.10157,1.10162
exness,EURUSD,2023-05-03 00:42:32.528Z,1.10155,1.10162
exness,EURUSD,2023-05-03 00:42:33.672Z,1.10154,1.1016
exness,EURUSD,2023-05-03 00:42:41.635Z,1.10156,1.10162
exness,EURUSD,2023-05-03 00:42:49.342Z,1.10157,1.10162
exness,EURUSD,2023-05-03 00:42:54.386Z,1.10156,1.10162
exness,EURUSD,2023-05-03 00:42:56.757Z,1.10155,1.10161
exness,EURUSD,2023-05-03 00:42:59.046Z,1.10154,1.10159
exness,EURUSD,2023-05-03 00:42:59.200Z,1.10152,1.10158
exness,EURUSD,2023-05-03 00:43:06.146Z,1.10154,1.1016
exness,EURUSD,2023-05-03 00:43:06.210Z,1.10155,1.10162
exness,EURUSD,2023-05-03 00:43:07.885Z,1.10157,1.10163
exness,EURUSD,2023-05-03 00:43:10.894Z,1.10156,1.10162
exness,EURUSD,2023-05-03 00:43:11.110Z,1.10154,1.1016
exness,EURUSD,2023-05-03 00:43:16.186Z,1.10153,1.10159
exness,EURUSD,2023-05-03 00:43:20.102Z,1.10154,1.10159
exness,EURUSD,2023-05-03 00:43:20.551Z,1.10153,1.10159
exness,EURUSD,2023-05-03 00:43:23.949Z,1.10153,1.10158
exness,EURUSD,2023-05-03 00:43:24.053Z,1.10153,1.10159
exness,EURUSD,2023-05-03 00:43:25.051Z,1.10155,1.10161
exness,EURUSD,2023-05-03 00:43:26.090Z,1.10156,1.10162
exness,EURUSD,2023-05-03 00:43:28.307Z,1.10158,1.10163
exness,EURUSD,2023-05-03 00:43:35.707Z,1.10159,1.10165
exness,EURUSD,2023-05-03 00:43:35.752Z,1.1016,1.10166
exness,EURUSD,2023-05-03 00:43:35.768Z,1.10162,1.10168
exness,EURUSD,2023-05-03 00:43:35.846Z,1.10163,1.1017
exness,EURUSD,2023-05-03 00:43:42.180Z,1.10165,1.10171
exness,EURUSD,2023-05-03 00:43:42.435Z,1.10166,1.10173
exness,EURUSD,2023-05-03 00:43:43.052Z,1.10168,1.10174
exness,EURUSD,2023-05-03 00:43:43.077Z,1.10169,1.10176
exness,EURUSD,2023-05-03 00:43:43.091Z,1.10171,1.10177
exness,EURUSD,2023-05-03 00:43:44.063Z,1.10171,1.10176
exness,EURUSD,2023-05-03 00:43:52.046Z,1.10171,1.10177
exness,EURUSD,2023-05-03 00:43:57.046Z,1.10173,1.1018
exness,EURUSD,2023-05-03 00:43:57.056Z,1.10175,1.10181
exness,EURUSD,2023-05-03 00:43:57.061Z,1.10177,1.10183
exness,EURUSD,2023-05-03 00:43:58.348Z,1.10176,1.10181
exness,EURUSD,2023-05-03 00:43:59.381Z,1.10175,1.10181
exness,EURUSD,2023-05-03 00:44:02.798Z,1.10173,1.1018
exness,EURUSD,2023-05-03 00:44:04.818Z,1.10175,1.10181
exness,EURUSD,2023-05-03 00:44:05.142Z,1.10176,1.10182
exness,EURUSD,2023-05-03 00:44:05.165Z,1.10178,1.10184
exness,EURUSD,2023-05-03 00:44:12.065Z,1.10177,1.10182
exness,EURUSD,2023-05-03 00:44:27.981Z,1.10175,1.10182
exness,EURUSD,2023-05-03 00:44:31.865Z,1.10177,1.10183
exness,EURUSD,2023-05-03 00:44:42.568Z,1.10179,1.10185
exness,EURUSD,2023-05-03 00:44:42.592Z,1.1018,1.10186
exness,EURUSD,2023-05-03 00:44:42.611Z,1.10182,1.10188
exness,EURUSD,2023-05-03 00:44:42.670Z,1.10183,1.1019
exness,EURUSD,2023-05-03 00:44:42.849Z,1.10185,1.1019
exness,EURUSD,2023-05-03 00:44:48.777Z,1.10183,1.10189
exness,EURUSD,2023-05-03 00:44:49.685Z,1.10183,1.10188
exness,EURUSD,2023-05-03 00:44:52.801Z,1.10182,1.10188
exness,EURUSD,2023-05-03 00:44:53.131Z,1.1018,1.10186
exness,EURUSD,2023-05-03 00:44:53.182Z,1.10179,1.10185
exness,EURUSD,2023-05-03 00:44:53.479Z,1.10177,1.10183
exness,EURUSD,2023-05-03 00:44:54.676Z,1.10175,1.10182
exness,EURUSD,2023-05-03 00:44:54.691Z,1.10174,1.1018
exness,EURUSD,2023-05-03 00:44:54.853Z,1.10176,1.10181
exness,EURUSD,2023-05-03 00:44:54.878Z,1.10176,1.10182
exness,EURUSD,2023-05-03 00:44:55.903Z,1.10177,1.10182
exness,EURUSD,2023-05-03 00:44:56.010Z,1.10176,1.10182
exness,EURUSD,2023-05-03 00:44:57.058Z,1.10174,1.10181
exness,EURUSD,2023-05-03 00:45:00.890Z,1.10176,1.10182
exness,EURUSD,2023-05-03 00:45:01.895Z,1.10177,1.10184
exness,EURUSD,2023-05-03 00:45:12.116Z,1.10175,1.10182
exness,EURUSD,2023-05-03 00:45:12.150Z,1.10174,1.1018
exness,EURUSD,2023-05-03 00:45:12.251Z,1.10176,1.10182
exness,EURUSD,2023-05-03 00:45:12.280Z,1.10177,1.10184
exness,EURUSD,2023-05-03 00:45:12.329Z,1.10179,1.10185
exness,EURUSD,2023-05-03 00:45:13.348Z,1.1018,1.10185
exness,EURUSD,2023-05-03 00:45:17.281Z,1.10181,1.10187
exness,EURUSD,2023-05-03 00:45:21.010Z,1.10179,1.10185
exness,EURUSD,2023-05-03 00:45:21.069Z,1.10177,1.10183
exness,EURUSD,2023-05-03 00:45:23.187Z,1.10177,1.10182
exness,EURUSD,2023-05-03 00:45:28.371Z,1.10176,1.10182
exness,EURUSD,2023-05-03 00:45:44.637Z,1.10174,1.1018
exness,EURUSD,2023-05-03 00:45:44.780Z,1.10172,1.10179
exness,EURUSD,2023-05-03 00:45:47.536Z,1.10174,1.1018
exness,EURUSD,2023-05-03 00:45:51.939Z,1.10175,1.1018
exness,EURUSD,2023-05-03 00:45:52.462Z,1.10175,1.10182
exness,EURUSD,2023-05-03 00:46:00.602Z,1.10173,1.1018
exness,EURUSD,2023-05-03 00:46:06.316Z,1.10172,1.10179
exness,EURUSD,2023-05-03 00:46:15.470Z,1.10174,1.1018
exness,EURUSD,2023-05-03 00:46:15.557Z,1.10175,1.10181
exness,EURUSD,2023-05-03 00:47:37.369Z,1.10174,1.1018
exness,EURUSD,2023-05-03 00:47:37.565Z,1.10172,1.10179
exness,EURUSD,2023-05-03 00:48:11.905Z,1.10172,1.10177
exness,EURUSD,2023-05-03 00:48:27.769Z,1.10172,1.10178
exness,EURUSD,2023-05-03 00:48:42.988Z,1.10172,1.10177
exness,EURUSD,2023-05-03 00:49:24.583Z,1.10173,1.10179
exness,EURUSD,2023-05-03 00:49:24.605Z,1.10175,1.10182
exness,EURUSD,2023-05-03 00:49:24.621Z,1.10177,1.10183
exness,EURUSD,2023-05-03 00:49:51.396Z,1.10175,1.10181
exness,EURUSD,2023-05-03 00:49:51.411Z,1.10173,1.10179
exness,EURUSD,2023-05-03 00:49:51.586Z,1.10172,1.10178
exness,EURUSD,2023-05-03 00:50:23.851Z,1.1017,1.10176
exness,EURUSD,2023-05-03 00:50:34.388Z,1.10168,1.10174
exness,EURUSD,2023-05-03 00:50:34.421Z,1.10167,1.10173
exness,EURUSD,2023-05-03 00:50:34.963Z,1.10167,1.10172
exness,EURUSD,2023-05-03 00:50:38.298Z,1.10168,1.10174
exness,EURUSD,2023-05-03 00:50:39.699Z,1.10169,1.10174
exness,EURUSD,2023-05-03 00:50:47.729Z,1.10167,1.10173
exness,EURUSD,2023-05-03 00:51:28.960Z,1.10165,1.10171
exness,EURUSD,2023-05-03 00:51:28.984Z,1.10163,1.10169
exness,EURUSD,2023-05-03 00:51:29.178Z,1.10162,1.10168
exness,EURUSD,2023-05-03 00:51:52.220Z,1.10163,1.10169
exness,EURUSD,2023-05-03 00:52:05.833Z,1.10162,1.10168
exness,EURUSD,2023-05-03 00:52:29.095Z,1.10164,1.10171
exness,EURUSD,2023-05-03 00:52:29.202Z,1.10166,1.10171
exness,EURUSD,2023-05-03 00:52:29.352Z,1.10164,1.10171
exness,EURUSD,2023-05-03 00:52:29.439Z,1.10163,1.10169
exness,EURUSD,2023-05-03 00:52:30.439Z,1.10162,1.10168
exness,EURUSD,2023-05-03 00:52:36.213Z,1.10162,1.10167
exness,EURUSD,2023-05-03 00:52:57.397Z,1.10162,1.10168
exness,EURUSD,2023-05-03 00:53:08.261Z,1.10163,1.10169
exness,EURUSD,2023-05-03 00:53:08.316Z,1.10164,1.10171
exness,EURUSD,2023-05-03 00:53:09.475Z,1.10165,1.10172
exness,EURUSD,2023-05-03 00:53:14.159Z,1.10167,1.10172
exness,EURUSD,2023-05-03 00:53:17.700Z,1.10167,1.10173
exness,EURUSD,2023-05-03 00:53:17.721Z,1.10169,1.10175
exness,EURUSD,2023-05-03 00:53:18.040Z,1.1017,1.10177
exness,EURUSD,2023-05-03 00:53:19.246Z,1.10169,1.10176
exness,EURUSD,2023-05-03 00:53:34.881Z,1.10171,1.10177
exness,EURUSD,2023-05-03 00:54:06.908Z,1.1017,1.10176
exness,EURUSD,2023-05-03 00:54:17.583Z,1.10171,1.10177
exness,EURUSD,2023-05-03 00:54:17.613Z,1.10169,1.10175
exness,EURUSD,2023-05-03 00:54:17.825Z,1.10168,1.10174
exness,EURUSD,2023-05-03 00:54:19.046Z,1.10169,1.10174
exness,EURUSD,2023-05-03 00:54:25.932Z,1.10168,1.10174
exness,EURUSD,2023-05-03 00:54:26.021Z,1.10169,1.10176
exness,EURUSD,2023-05-03 00:54:27.094Z,1.10171,1.10177
exness,EURUSD,2023-05-03 00:54:30.977Z,1.10169,1.10175
exness,EURUSD,2023-05-03 00:54:36.483Z,1.1017,1.10176
exness,EURUSD,2023-05-03 00:54:44.760Z,1.10171,1.10176
exness,EURUSD,2023-05-03 00:55:06.815Z,1.1017,1.10175
exness,EURUSD,2023-05-03 00:55:19.202Z,1.10171,1.10177
exness,EURUSD,2023-05-03 00:55:30.942Z,1.10173,1.1018
exness,EURUSD,2023-05-03 00:55:31.110Z,1.10175,1.10181
exness,EURUSD,2023-05-03 00:55:32.153Z,1.10176,1.10182
exness,EURUSD,2023-05-03 00:56:13.903Z,1.10175,1.10181
exness,EURUSD,2023-05-03 00:56:13.933Z,1.10173,1.10179
exness,EURUSD,2023-05-03 00:56:13.984Z,1.10172,1.10178
exness,EURUSD,2023-05-03 00:57:09.416Z,1.10173,1.10179
exness,EURUSD,2023-05-03 00:57:14.316Z,1.10172,1.10177
exness,EURUSD,2023-05-03 00:57:30.505Z,1.1017,1.10176
exness,EURUSD,2023-05-03 00:57:30.565Z,1.10168,1.10175
exness,EURUSD,2023-05-03 00:57:37.676Z,1.1017,1.10176
exness,EURUSD,2023-05-03 00:57:45.008Z,1.10168,1.10175
exness,EURUSD,2023-05-03 00:57:47.978Z,1.1017,1.10176
exness,EURUSD,2023-05-03 00:58:20.189Z,1.10172,1.10178
exness,EURUSD,2023-05-03 00:58:26.456Z,1.10171,1.10176
exness,EURUSD,2023-05-03 00:58:29.334Z,1.1017,1.10176
exness,EURUSD,2023-05-03 00:58:29.354Z,1.10168,1.10174
exness,EURUSD,2023-05-03 00:58:36.993Z,1.1017,1.10176
exness,EURUSD,2023-05-03 00:58:47.971Z,1.10172,1.10177
exness,EURUSD,2023-05-03 00:59:08.247Z,1.1017,1.10176
exness,EURUSD,2023-05-03 00:59:08.351Z,1.10168,1.10174
exness,EURUSD,2023-05-03 00:59:12.819Z,1.10167,1.10172
exness,EURUSD,2023-05-03 00:59:14.055Z,1.10164,1.1017
exness,EURUSD,2023-05-03 00:59:14.348Z,1.10163,1.10169
exness,EURUSD,2023-05-03 00:59:15.349Z,1.10162,1.10168
exness,EURUSD,2023-05-03 00:59:25.978Z,1.10164,1.10169
exness,EURUSD,2023-05-03 00:59:28.635Z,1.10166,1.10172
exness,EURUSD,2023-05-03 00:59:31.499Z,1.10167,1.10172
exness,EURUSD,2023-05-03 00:59:32.822Z,1.10165,1.10172
exness,EURUSD,2023-05-03 00:59:40.531Z,1.10167,1.10173
exness,EURUSD,2023-05-03 00:59:40.648Z,1.10168,1.10173
exness,EURUSD,2023-05-03 00:59:44.349Z,1.10169,1.10176
exness,EURUSD,2023-05-03 00:59:48.349Z,1.10171,1.10176
exness,EURUSD,2023-05-03 00:59:48.371Z,1.10172,1.10178
exness,EURUSD,2023-05-03 01:00:02.810Z,1.1017,1.10176
exness,EURUSD,2023-05-03 01:00:02.815Z,1.10168,1.10174
exness,EURUSD,2023-05-03 01:00:03.858Z,1.10167,1.10173
exness,EURUSD,2023-05-03 01:00:04.856Z,1.10167,1.10172
exness,EURUSD,2023-05-03 01:00:09.595Z,1.10168,1.10174
exness,EURUSD,2023-05-03 01:00:09.622Z,1.1017,1.10176
exness,EURUSD,2023-05-03 01:00:09.898Z,1.10171,1.10177
exness,EURUSD,2023-05-03 01:00:20.403Z,1.10169,1.10175
exness,EURUSD,2023-05-03 01:00:22.354Z,1.10169,1.10174
exness,EURUSD,2023-05-03 01:00:22.464Z,1.10167,1.10173
exness,EURUSD,2023-05-03 01:00:23.225Z,1.10169,1.10175
exness,EURUSD,2023-05-03 01:00:34.477Z,1.10167,1.10173
exness,EURUSD,2023-05-03 01:00:35.598Z,1.10166,1.10172
exness,EURUSD,2023-05-03 01:00:39.360Z,1.10164,1.10171
exness,EURUSD,2023-05-03 01:00:40.381Z,1.10163,1.10169
exness,EURUSD,2023-05-03 01:00:56.245Z,1.10161,1.10167
exness,EURUSD,2023-05-03 01:00:56.269Z,1.10159,1.10166
exness,EURUSD,2023-05-03 01:00:56.283Z,1.10158,1.10164
exness,EURUSD,2023-05-03 01:00:56.303Z,1.10156,1.10162
exness,EURUSD,2023-05-03 01:00:56.351Z,1.10156,1.10161
exness,EURUSD,2023-05-03 01:00:57.401Z,1.10156,1.10162
exness,EURUSD,2023-05-03 01:00:59.161Z,1.10154,1.1016
exness,EURUSD,2023-05-03 01:00:59.206Z,1.10152,1.10159
exness,EURUSD,2023-05-03 01:01:03.414Z,1.1015,1.10157
exness,EURUSD,2023-05-03 01:01:03.434Z,1.10149,1.10155
exness,EURUSD,2023-05-03 01:01:03.537Z,1.10148,1.10153
exness,EURUSD,2023-05-03 01:01:05.230Z,1.10146,1.10153
exness,EURUSD,2023-05-03 01:01:15.359Z,1.10148,1.10154
exness,EURUSD,2023-05-03 01:01:39.622Z,1.10146,1.10152
exness,EURUSD,2023-05-03 01:01:40.628Z,1.10145,1.10151
exness,EURUSD,2023-05-03 01:01:43.097Z,1.10145,1.1015
exness,EURUSD,2023-05-03 01:01:45.205Z,1.10144,1.10149
exness,EURUSD,2023-05-03 01:01:45.554Z,1.10142,1.10148
exness,EURUSD,2023-05-03 01:01:54.034Z,1.10142,1.10147
exness,EURUSD,2023-05-03 01:01:59.551Z,1.10143,1.10149
exness,EURUSD,2023-05-03 01:01:59.570Z,1.10144,1.10151
exness,EURUSD,2023-05-03 01:01:59.688Z,1.10146,1.10152
exness,EURUSD,2023-05-03 01:02:02.056Z,1.10146,1.10151
exness,EURUSD,2023-05-03 01:02:27.652Z,1.10146,1.10152
exness,EURUSD,2023-05-03 01:02:32.083Z,1.10148,1.10154
exness,EURUSD,2023-05-03 01:02:32.119Z,1.1015,1.10156
exness,EURUSD,2023-05-03 01:02:32.475Z,1.10151,1.10157
exness,EURUSD,2023-05-03 01:02:37.223Z,1.1015,1.10156
exness,EURUSD,2023-05-03 01:03:07.364Z,1.10152,1.10159
exness,EURUSD,2023-05-03 01:03:07.395Z,1.10154,1.1016
exness,EURUSD,2023-05-03 01:03:07.406Z,1.10156,1.10162
exness,EURUSD,2023-05-03 01:03:07.521Z,1.10155,1.1016
exness,EURUSD,2023-05-03 01:03:10.446Z,1.10153,1.1016
exness,EURUSD,2023-05-03 01:03:11.455Z,1.10152,1.10158
exness,EURUSD,2023-05-03 01:03:16.285Z,1.10153,1.10159
exness,EURUSD,2023-05-03 01:03:25.567Z,1.10155,1.10161
exness,EURUSD,2023-05-03 01:03:26.065Z,1.10156,1.10162
exness,EURUSD,2023-05-03 01:03:38.664Z,1.10154,1.1016
exness,EURUSD,2023-05-03 01:03:38.712Z,1.10152,1.10159
exness,EURUSD,2023-05-03 01:03:41.106Z,1.10151,1.10158
exness,EURUSD,2023-05-03 01:04:02.767Z,1.10153,1.10159
exness,EURUSD,2023-05-03 01:04:03.021Z,1.10154,1.1016
exness,EURUSD,2023-05-03 01:04:04.039Z,1.10153,1.10159
exness,EURUSD,2023-05-03 01:04:04.091Z,1.10151,1.10158
exness,EURUSD,2023-05-03 01:04:04.294Z,1.10151,1.10156
exness,EURUSD,2023-05-03 01:04:04.362Z,1.10149,1.10155
exness,EURUSD,2023-05-03 01:04:07.228Z,1.10148,1.10154
exness,EURUSD,2023-05-03 01:04:07.240Z,1.10146,1.10152
exness,EURUSD,2023-05-03 01:04:07.270Z,1.10146,1.10151
exness,EURUSD,2023-05-03 01:04:07.286Z,1.10144,1.1015
exness,EURUSD,2023-05-03 01:04:08.316Z,1.10144,1.10149
exness,EURUSD,2023-05-03 01:04:12.283Z,1.10142,1.10149
exness,EURUSD,2023-05-03 01:04:17.612Z,1.10141,1.10147
exness,EURUSD,2023-05-03 01:04:48.731Z,1.10142,1.10149
exness,EURUSD,2023-05-03 01:05:02.045Z,1.10144,1.1015
exness,EURUSD,2023-05-03 01:05:12.104Z,1.10143,1.10148
exness,EURUSD,2023-05-03 01:05:13.737Z,1.10141,1.10148
exness,EURUSD,2023-05-03 01:05:16.940Z,1.10141,1.10146
exness,EURUSD,2023-05-03 01:05:27.126Z,1.1014,1.10146
exness,EURUSD,2023-05-03 01:05:31.262Z,1.10138,1.10145
exness,EURUSD,2023-05-03 01:05:31.443Z,1.10137,1.10143
exness,EURUSD,2023-05-03 01:05:48.548Z,1.10137,1.10142
exness,EURUSD,2023-05-03 01:05:50.672Z,1.10137,1.10143
exness,EURUSD,2023-05-03 01:05:50.785Z,1.10139,1.10145
exness,EURUSD,2023-05-03 01:05:50.831Z,1.1014,1.10146
exness,EURUSD,2023-05-03 01:05:50.873Z,1.10142,1.10148
exness,EURUSD,2023-05-03 01:06:08.419Z,1.10144,1.1015
exness,EURUSD,2023-05-03 01:06:09.653Z,1.10145,1.10151
exness,EURUSD,2023-05-03 01:06:21.378Z,1.10146,1.10151
exness,EURUSD,2023-05-03 01:06:32.051Z,1.10146,1.10153
exness,EURUSD,2023-05-03 01:06:32.736Z,1.10146,1.10151
exness,EURUSD,2023-05-03 01:06:44.118Z,1.10146,1.10152
exness,EURUSD,2023-05-03 01:07:03.695Z,1.10144,1.1015
exness,EURUSD,2023-05-03 01:07:03.714Z,1.10142,1.10149
exness,EURUSD,2023-05-03 01:07:03.753Z,1.10141,1.10147
exness,EURUSD,2023-05-03 01:07:04.295Z,1.1014,1.10145
exness,EURUSD,2023-05-03 01:07:04.303Z,1.10138,1.10145
exness,EURUSD,2023-05-03 01:07:04.342Z,1.10138,1.10143
exness,EURUSD,2023-05-03 01:07:04.348Z,1.10136,1.10142
exness,EURUSD,2023-05-03 01:07:08.062Z,1.10137,1.10144
exness,EURUSD,2023-05-03 01:07:08.090Z,1.10139,1.10144
exness,EURUSD,2023-05-03 01:07:09.097Z,1.10139,1.10145
exness,EURUSD,2023-05-03 01:07:11.252Z,1.1014,1.10147
exness,EURUSD,2023-05-03 01:07:14.376Z,1.10141,1.10148
exness,EURUSD,2023-05-03 01:07:21.207Z,1.1014,1.10146
exness,EURUSD,2023-05-03 01:07:23.134Z,1.10138,1.10144
exness,EURUSD,2023-05-03 01:07:23.187Z,1.10137,1.10142
exness,EURUSD,2023-05-03 01:07:25.158Z,1.10138,1.10144
exness,EURUSD,2023-05-03 01:07:25.196Z,1.10139,1.10145
exness,EURUSD,2023-05-03 01:07:25.989Z,1.10141,1.10146
exness,EURUSD,2023-05-03 01:07:30.777Z,1.10141,1.10147
exness,EURUSD,2023-05-03 01:07:47.105Z,1.10143,1.10149
exness,EURUSD,2023-05-03 01:07:47.326Z,1.10141,1.10147
exness,EURUSD,2023-05-03 01:07:49.333Z,1.1014,1.10146
exness,EURUSD,2023-05-03 01:07:51.879Z,1.10138,1.10144
exness,EURUSD,2023-05-03 01:07:51.889Z,1.10136,1.10143
exness,EURUSD,2023-05-03 01:07:54.883Z,1.10136,1.10141
exness,EURUSD,2023-05-03 01:08:08.174Z,1.10134,1.1014
exness,EURUSD,2023-05-03 01:08:08.252Z,1.10132,1.10138
exness,EURUSD,2023-05-03 01:08:09.285Z,1.10132,1.10137
exness,EURUSD,2023-05-03 01:08:09.636Z,1.10133,1.10139
exness,EURUSD,2023-05-03 01:08:19.758Z,1.10132,1.10137
exness,EURUSD,2023-05-03 01:08:20.619Z,1.10133,1.10139
exness,EURUSD,2023-05-03 01:08:20.678Z,1.10135,1.10141
exness,EURUSD,2023-05-03 01:08:25.564Z,1.10136,1.10142
exness,EURUSD,2023-05-03 01:09:01.604Z,1.10134,1.1014
exness,EURUSD,2023-05-03 01:09:01.624Z,1.10132,1.10139
exness,EURUSD,2023-05-03 01:09:01.633Z,1.10131,1.10137
exness,EURUSD,2023-05-03 01:09:01.765Z,1.10129,1.10136
exness,EURUSD,2023-05-03 01:09:03.080Z,1.10128,1.10135
exness,EURUSD,2023-05-03 01:09:12.558Z,1.10129,1.10136
exness,EURUSD,2023-05-03 01:09:20.332Z,1.10131,1.10137
exness,EURUSD,2023-05-03 01:09:21.716Z,1.10132,1.10137
exness,EURUSD,2023-05-03 01:09:37.835Z,1.10131,1.10137
exness,EURUSD,2023-05-03 01:09:46.561Z,1.10132,1.10139
exness,EURUSD,2023-05-03 01:09:46.600Z,1.10134,1.1014
exness,EURUSD,2023-05-03 01:09:46.633Z,1.10136,1.10142
exness,EURUSD,2023-05-03 01:09:46.670Z,1.10138,1.10144
exness,EURUSD,2023-05-03 01:09:46.673Z,1.10139,1.10145
exness,EURUSD,2023-05-03 01:09:46.711Z,1.10141,1.10147
exness,EURUSD,2023-05-03 01:09:55.080Z,1.10139,1.10146
exness,EURUSD,2023-05-03 01:09:57.147Z,1.10138,1.10144
exness,EURUSD,2023-05-03 01:09:59.522Z,1.1014,1.10146
exness,EURUSD,2023-05-03 01:10:05.967Z,1.10138,1.10145
exness,EURUSD,2023-05-03 01:10:07.609Z,1.10137,1.10143
exness,EURUSD,2023-05-03 01:10:10.270Z,1.10138,1.10144
exness,EURUSD,2023-05-03 01:10:11.215Z,1.10136,1.10143
exness,EURUSD,2023-05-03 01:10:11.278Z,1.10135,1.10141
exness,EURUSD,2023-05-03 01:10:11.304Z,1.10133,1.10139
exness,EURUSD,2023-05-03 01:10:12.597Z,1.10132,1.10138
exness,EURUSD,2023-05-03 01:10:18.472Z,1.10132,1.10137
exness,EURUSD,2023-05-03 01:10:29.810Z,1.10133,1.10139
exness,EURUSD,2023-05-03 01:10:29.853Z,1.10134,1.10141
exness,EURUSD,2023-05-03 01:10:30.126Z,1.10136,1.10142
exness,EURUSD,2023-05-03 01:10:43.251Z,1.10134,1.1014
exness,EURUSD,2023-05-03 01:10:43.560Z,1.10132,1.10138
exness,EURUSD,2023-05-03 01:10:44.602Z,1.10131,1.10137
exness,EURUSD,2023-05-03 01:10:48.638Z,1.10132,1.10138
exness,EURUSD,2023-05-03 01:10:53.464Z,1.10134,1.10139
exness,EURUSD,2023-05-03 01:10:59.228Z,1.10132,1.10138
exness,EURUSD,2023-05-03 01:11:01.400Z,1.10131,1.10137
exness,EURUSD,2023-05-03 01:11:30.258Z,1.10133,1.10139
exness,EURUSD,2023-05-03 01:11:30.439Z,1.10134,1.1014
exness,EURUSD,2023-05-03 01:11:39.468Z,1.10136,1.10142
exness,EURUSD,2023-05-03 01:11:56.359Z,1.10137,1.10143
exness,EURUSD,2023-05-03 01:12:03.466Z,1.10136,1.10142
exness,EURUSD,2023-05-03 01:12:32.452Z,1.10138,1.10144
exness,EURUSD,2023-05-03 01:12:32.494Z,1.1014,1.10146
exness,EURUSD,2023-05-03 01:12:32.584Z,1.10141,1.10148
exness,EURUSD,2023-05-03 01:12:32.654Z,1.10143,1.10148
exness,EURUSD,2023-05-03 01:12:32.686Z,1.10144,1.1015
exness,EURUSD,2023-05-03 01:12:34.358Z,1.10145,1.10151
exness,EURUSD,2023-05-03 01:12:48.190Z,1.10147,1.10153
exness,EURUSD,2023-05-03 01:12:48.216Z,1.10149,1.10154
exness,EURUSD,2023-05-03 01:12:51.790Z,1.10148,1.10154
exness,EURUSD,2023-05-03 01:12:52.798Z,1.10146,1.10153
exness,EURUSD,2023-05-03 01:12:56.332Z,1.10144,1.1015
exness,EURUSD,2023-05-03 01:12:56.350Z,1.10143,1.10149
exness,EURUSD,2023-05-03 01:12:56.683Z,1.10142,1.10147
exness,EURUSD,2023-05-03 01:12:59.756Z,1.1014,1.10147
exness,EURUSD,2023-05-03 01:13:12.403Z,1.10139,1.10145
exness,EURUSD,2023-05-03 01:13:12.411Z,1.10137,1.10144
exness,EURUSD,2023-05-03 01:13:12.426Z,1.10136,1.10142
exness,EURUSD,2023-05-03 01:13:24.792Z,1.10137,1.10144
exness,EURUSD,2023-05-03 01:13:27.817Z,1.10139,1.10145
exness,EURUSD,2023-05-03 01:13:27.831Z,1.10141,1.10147
exness,EURUSD,2023-05-03 01:13:27.860Z,1.10142,1.10149
exness,EURUSD,2023-05-03 01:13:27.888Z,1.10144,1.1015
exness,EURUSD,2023-05-03 01:13:28.943Z,1.10145,1.10151
exness,EURUSD,2023-05-03 01:13:30.868Z,1.10145,1.1015
exness,EURUSD,2023-05-03 01:13:31.074Z,1.10143,1.1015
exness,EURUSD,2023-05-03 01:13:54.257Z,1.10142,1.10148
exness,EURUSD,2023-05-03 01:13:54.967Z,1.10143,1.1015
exness,EURUSD,2023-05-03 01:13:56.434Z,1.10143,1.10148
exness,EURUSD,2023-05-03 01:13:58.212Z,1.10142,1.10148
exness,EURUSD,2023-05-03 01:14:00.359Z,1.10142,1.10147
exness,EURUSD,2023-05-03 01:14:01.370Z,1.1014,1.10147
exness,EURUSD,2023-05-03 01:14:04.097Z,1.10139,1.10145
exness,EURUSD,2023-05-03 01:14:17.879Z,1.10138,1.10144
exness,EURUSD,2023-05-03 01:14:22.652Z,1.10139,1.10146
exness,EURUSD,2023-05-03 01:14:24.824Z,1.10141,1.10146
exness,EURUSD,2023-05-03 01:14:28.549Z,1.10142,1.10148
exness,EURUSD,2023-05-03 01:14:52.142Z,1.10142,1.10147
exness,EURUSD,2023-05-03 01:14:59.421Z,1.10143,1.10149
exness,EURUSD,2023-05-03 01:14:59.460Z,1.10144,1.10151
exness,EURUSD,2023-05-03 01:15:00.209Z,1.10146,1.10152
exness,EURUSD,2023-05-03 01:15:01.877Z,1.10144,1.10151
exness,EURUSD,2023-05-03 01:15:02.023Z,1.10143,1.10149
exness,EURUSD,2023-05-03 01:15:04.494Z,1.10145,1.10151
exness,EURUSD,2023-05-03 01:15:05.583Z,1.10146,1.10151
exness,EURUSD,2023-05-03 01:15:11.895Z,1.10148,1.10154
exness,EURUSD,2023-05-03 01:15:11.919Z,1.10149,1.10156
exness,EURUSD,2023-05-03 01:15:11.935Z,1.10151,1.10157
exness,EURUSD,2023-05-03 01:15:11.946Z,1.10152,1.10159
exness,EURUSD,2023-05-03 01:15:11.958Z,1.10154,1.1016
exness,EURUSD,2023-05-03 01:15:12.041Z,1.10155,1.10162
exness,EURUSD,2023-05-03 01:15:13.202Z,1.10158,1.10163
exness,EURUSD,2023-05-03 01:15:14.757Z,1.10158,1.10164
exness,EURUSD,2023-05-03 01:15:14.835Z,1.1016,1.10166
exness,EURUSD,2023-05-03 01:15:15.019Z,1.10158,1.10164
exness,EURUSD,2023-05-03 01:15:15.964Z,1.10157,1.10162
exness,EURUSD,2023-05-03 01:15:27.449Z,1.10156,1.10162
exness,EURUSD,2023-05-03 01:15:35.423Z,1.10158,1.10164
exness,EURUSD,2023-05-03 01:15:35.600Z,1.1016,1.10166
exness,EURUSD,2023-05-03 01:15:39.097Z,1.10161,1.10167
exness,EURUSD,2023-05-03 01:15:39.119Z,1.10162,1.10168
exness,EURUSD,2023-05-03 01:15:39.298Z,1.10164,1.10169
exness,EURUSD,2023-05-03 01:15:44.164Z,1.10162,1.10168
exness,EURUSD,2023-05-03 01:15:51.444Z,1.10161,1.10166
exness,EURUSD,2023-05-03 01:15:54.758Z,1.10161,1.10168
exness,EURUSD,2023-05-03 01:16:01.088Z,1.10163,1.10169
exness,EURUSD,2023-05-03 01:16:17.460Z,1.10162,1.10168
exness,EURUSD,2023-05-03 01:16:18.931Z,1.1016,1.10166
exness,EURUSD,2023-05-03 01:16:18.961Z,1.10158,1.10165
exness,EURUSD,2023-05-03 01:16:22.015Z,1.10157,1.10163
exness,EURUSD,2023-05-03 01:16:30.963Z,1.10158,1.10164
exness,EURUSD,2023-05-03 01:16:40.282Z,1.1016,1.10166
exness,EURUSD,2023-05-03 01:16:40.367Z,1.10161,1.10168
exness,EURUSD,2023-05-03 01:16:56.187Z,1.1016,1.10166
exness,EURUSD,2023-05-03 01:17:00.278Z,1.10161,1.10167
exness,EURUSD,2023-05-03 01:17:07.519Z,1.10159,1.10165
exness,EURUSD,2023-05-03 01:17:13.176Z,1.10161,1.10166
exness,EURUSD,2023-05-03 01:17:14.143Z,1.10159,1.10166
exness,EURUSD,2023-05-03 01:17:16.531Z,1.10157,1.10163
exness,EURUSD,2023-05-03 01:17:22.047Z,1.10157,1.10162
exness,EURUSD,2023-05-03 01:17:22.071Z,1.10155,1.10161
exness,EURUSD,2023-05-03 01:17:22.091Z,1.10154,1.1016
exness,EURUSD,2023-05-03 01:17:22.164Z,1.10153,1.10158
exness,EURUSD,2023-05-03 01:17:27.468Z,1.10152,1.10158
exness,EURUSD,2023-05-03 01:17:28.821Z,1.10154,1.1016
exness,EURUSD,2023-05-03 01:17:32.740Z,1.10155,1.10161
exness,EURUSD,2023-05-03 01:17:32.751Z,1.10156,1.10163
exness,EURUSD,2023-05-03 01:17:32.790Z,1.10158,1.10164
exness,EURUSD,2023-05-03 01:17:32.801Z,1.1016,1.10166
exness,EURUSD,2023-05-03 01:17:32.866Z,1.10161,1.10167
exness,EURUSD,2023-05-03 01:18:05.175Z,1.10159,1.10165
exness,EURUSD,2023-05-03 01:18:10.654Z,1.10157,1.10163
exness,EURUSD,2023-05-03 01:18:34.328Z,1.10156,1.10162
exness,EURUSD,2023-05-03 01:18:36.359Z,1.10158,1.10164
exness,EURUSD,2023-05-03 01:18:47.369Z,1.10159,1.10164
exness,EURUSD,2023-05-03 01:18:47.435Z,1.1016,1.10166
exness,EURUSD,2023-05-03 01:18:48.477Z,1.10161,1.10166
exness,EURUSD,2023-05-03 01:18:54.762Z,1.10159,1.10165
exness,EURUSD,2023-05-03 01:18:54.893Z,1.10157,1.10164
exness,EURUSD,2023-05-03 01:19:00.066Z,1.10155,1.10162
exness,EURUSD,2023-05-03 01:19:00.098Z,1.10154,1.1016
exness,EURUSD,2023-05-03 01:19:00.132Z,1.10155,1.1016
exness,EURUSD,2023-05-03 01:19:03.902Z,1.10155,1.10162
exness,EURUSD,2023-05-03 01:19:39.184Z,1.10157,1.10163
exness,EURUSD,2023-05-03 01:19:49.407Z,1.10155,1.10161
exness,EURUSD,2023-05-03 01:19:52.626Z,1.10154,1.10159
exness,EURUSD,2023-05-03 01:19:58.931Z,1.10156,1.10162
exness,EURUSD,2023-05-03 01:20:06.808Z,1.10157,1.10162
exness,EURUSD,2023-05-03 01:20:06.963Z,1.10158,1.10164
exness,EURUSD,2023-05-03 01:20:06.973Z,1.10159,1.10165
exness,EURUSD,2023-05-03 01:20:07.013Z,1.10161,1.10167
exness,EURUSD,2023-05-03 01:20:07.601Z,1.10162,1.10167
exness,EURUSD,2023-05-03 01:20:13.766Z,1.10163,1.10169
exness,EURUSD,2023-05-03 01:20:14.115Z,1.10165,1.1017
exness,EURUSD,2023-05-03 01:20:20.237Z,1.10165,1.10171
exness,EURUSD,2023-05-03 01:20:27.358Z,1.10166,1.10172
exness,EURUSD,2023-05-03 01:20:41.657Z,1.10165,1.10171
exness,EURUSD,2023-05-03 01:20:48.443Z,1.10167,1.10172
exness,EURUSD,2023-05-03 01:21:01.629Z,1.10165,1.10171
exness,EURUSD,2023-05-03 01:21:08.394Z,1.10164,1.1017
exness,EURUSD,2023-05-03 01:21:10.251Z,1.10162,1.10169
exness,EURUSD,2023-05-03 01:21:12.054Z,1.10161,1.10168
exness,EURUSD,2023-05-03 01:22:10.966Z,1.10164,1.1017
exness,EURUSD,2023-05-03 01:22:12.993Z,1.10165,1.1017
exness,EURUSD,2023-05-03 01:22:13.516Z,1.10165,1.10172
exness,EURUSD,2023-05-03 01:22:32.720Z,1.10164,1.10171
exness,EURUSD,2023-05-03 01:22:40.068Z,1.10166,1.10172
exness,EURUSD,2023-05-03 01:22:43.931Z,1.10165,1.10171
exness,EURUSD,2023-05-03 01:22:56.446Z,1.10162,1.10169
exness,EURUSD,2023-05-03 01:22:59.921Z,1.10163,1.10168
exness,EURUSD,2023-05-03 01:23:01.161Z,1.10161,1.10167
exness,EURUSD,2023-05-03 01:23:01.186Z,1.10159,1.10166
exness,EURUSD,2023-05-03 01:23:01.264Z,1.10159,1.10164
exness,EURUSD,2023-05-03 01:23:14.691Z,1.1016,1.10166
exness,EURUSD,2023-05-03 01:23:15.380Z,1.10162,1.10168
exness,EURUSD,2023-05-03 01:23:15.451Z,1.10164,1.10169
exness,EURUSD,2023-05-03 01:23:15.477Z,1.10164,1.10171
exness,EURUSD,2023-05-03 01:23:15.525Z,1.10166,1.10172
exness,EURUSD,2023-05-03 01:23:26.542Z,1.10168,1.10174
exness,EURUSD,2023-05-03 01:23:26.583Z,1.10169,1.10174
exness,EURUSD,2023-05-03 01:23:26.654Z,1.10167,1.10174
exness,EURUSD,2023-05-03 01:23:26.713Z,1.10166,1.10172
exness,EURUSD,2023-05-03 01:23:26.756Z,1.10166,1.10171
exness,EURUSD,2023-05-03 01:23:26.813Z,1.10166,1.10172
exness,EURUSD,2023-05-03 01:23:26.874Z,1.10167,1.10174
exness,EURUSD,2023-05-03 01:23:26.948Z,1.10169,1.10175
exness,EURUSD,2023-05-03 01:23:27.159Z,1.10171,1.10177
exness,EURUSD,2023-05-03 01:23:27.232Z,1.10172,1.10177
exness,EURUSD,2023-05-03 01:23:27.257Z,1.10173,1.10179
exness,EURUSD,2023-05-03 01:23:27.289Z,1.10174,1.1018
exness,EURUSD,2023-05-03 01:23:27.470Z,1.10175,1.10182
exness,EURUSD,2023-05-03 01:23:34.607Z,1.10177,1.10184
exness,EURUSD,2023-05-03 01:23:34.657Z,1.10179,1.10185
exness,EURUSD,2023-05-03 01:23:34.702Z,1.10181,1.10187
exness,EURUSD,2023-05-03 01:23:34.855Z,1.1018,1.10185
exness,EURUSD,2023-05-03 01:23:34.879Z,1.10179,1.10185
exness,EURUSD,2023-05-03 01:23:34.962Z,1.10178,1.10183
exness,EURUSD,2023-05-03 01:23:36.068Z,1.10177,1.10183
exness,EURUSD,2023-05-03 01:23:39.779Z,1.10178,1.10184
exness,EURUSD,2023-05-03 01:23:39.787Z,1.1018,1.10186
exness,EURUSD,2023-05-03 01:23:40.501Z,1.10181,1.10186
exness,EURUSD,2023-05-03 01:23:45.070Z,1.10181,1.10187
exness,EURUSD,2023-05-03 01:23:52.367Z,1.10183,1.1019
exness,EURUSD,2023-05-03 01:23:52.416Z,1.10185,1.10191
exness,EURUSD,2023-05-03 01:23:56.973Z,1.10186,1.10192
exness,EURUSD,2023-05-03 01:23:58.276Z,1.10186,1.10191
exness,EURUSD,2023-05-03 01:23:59.922Z,1.10185,1.10191
exness,EURUSD,2023-05-03 01:24:04.378Z,1.10183,1.1019
exness,EURUSD,2023-05-03 01:24:07.354Z,1.10185,1.1019
exness,EURUSD,2023-05-03 01:24:17.071Z,1.10183,1.10189
exness,EURUSD,2023-05-03 01:24:17.688Z,1.10181,1.10188
exness,EURUSD,2023-05-03 01:24:17.703Z,1.1018,1.10186
exness,EURUSD,2023-05-03 01:24:19.896Z,1.10181,1.10187
exness,EURUSD,2023-05-03 01:24:20.047Z,1.10183,1.10189
exness,EURUSD,2023-05-03 01:24:21.159Z,1.10184,1.1019
exness,EURUSD,2023-05-03 01:24:23.568Z,1.10182,1.10187
exness,EURUSD,2023-05-03 01:24:23.594Z,1.10181,1.10187
exness,EURUSD,2023-05-03 01:24:23.609Z,1.10179,1.10185
exness,EURUSD,2023-05-03 01:24:27.590Z,1.1018,1.10186
exness,EURUSD,2023-05-03 01:24:53.075Z,1.10179,1.10185
exness,EURUSD,2023-05-03 01:24:54.071Z,1.1018,1.10186
exness,EURUSD,2023-05-03 01:24:58.094Z,1.10181,1.10187
exness,EURUSD,2023-05-03 01:25:10.629Z,1.1018,1.10186
exness,EURUSD,2023-05-03 01:25:20.163Z,1.10183,1.10189
exness,EURUSD,2023-05-03 01:25:25.463Z,1.10183,1.10188
exness,EURUSD,2023-05-03 01:25:29.949Z,1.10183,1.10189
exness,EURUSD,2023-05-03 01:25:31.045Z,1.10185,1.10192
exness,EURUSD,2023-05-03 01:25:51.781Z,1.10187,1.10193
exness,EURUSD,2023-05-03 01:26:07.377Z,1.10186,1.10191
exness,EURUSD,2023-05-03 01:26:13.700Z,1.10187,1.10194
exness,EURUSD,2023-05-03 01:26:21.754Z,1.10186,1.10192
exness,EURUSD,2023-05-03 01:26:29.511Z,1.10188,1.10195
exness,EURUSD,2023-05-03 01:26:29.517Z,1.1019,1.10196
exness,EURUSD,2023-05-03 01:26:32.296Z,1.10192,1.10197
exness,EURUSD,2023-05-03 01:26:39.528Z,1.10189,1.10196
exness,EURUSD,2023-05-03 01:26:39.587Z,1.10188,1.10194
exness,EURUSD,2023-05-03 01:26:42.357Z,1.10186,1.10192
exness,EURUSD,2023-05-03 01:26:42.417Z,1.10184,1.1019
exness,EURUSD,2023-05-03 01:26:42.601Z,1.10183,1.10189
exness,EURUSD,2023-05-03 01:26:50.037Z,1.10181,1.10187
exness,EURUSD,2023-05-03 01:26:50.096Z,1.10179,1.10185
exness,EURUSD,2023-05-03 01:26:50.121Z,1.10179,1.10184
exness,EURUSD,2023-05-03 01:26:50.144Z,1.10179,1.10185
exness,EURUSD,2023-05-03 01:26:51.186Z,1.1018,1.10185
exness,EURUSD,2023-05-03 01:27:01.303Z,1.10181,1.10187
exness,EURUSD,2023-05-03 01:27:05.882Z,1.1018,1.10186
exness,EURUSD,2023-05-03 01:27:06.943Z,1.10178,1.10185
exness,EURUSD,2023-05-03 01:27:07.756Z,1.10178,1.10183
exness,EURUSD,2023-05-03 01:27:08.444Z,1.10178,1.10185
exness,EURUSD,2023-05-03 01:27:15.825Z,1.1018,1.10186
exness,EURUSD,2023-05-03 01:27:18.656Z,1.10181,1.10187
exness,EURUSD,2023-05-03 01:27:21.100Z,1.1018,1.10186
exness,EURUSD,2023-05-03 01:27:21.566Z,1.10178,1.10184
exness,EURUSD,2023-05-03 01:27:26.806Z,1.10177,1.10183
exness,EURUSD,2023-05-03 01:27:33.873Z,1.10176,1.10182
exness,EURUSD,2023-05-03 01:27:41.247Z,1.10178,1.10184
exness,EURUSD,2023-05-03 01:27:41.268Z,1.10179,1.10185
exness,EURUSD,2023-05-03 01:27:41.302Z,1.10181,1.10187
exness,EURUSD,2023-05-03 01:27:49.300Z,1.10183,1.10189
exness,EURUSD,2023-05-03 01:27:49.322Z,1.10184,1.10189
exness,EURUSD,2023-05-03 01:27:50.682Z,1.10183,1.10189
exness,EURUSD,2023-05-03 01:28:12.089Z,1.1018,1.10187
exness,EURUSD,2023-05-03 01:28:27.071Z,1.10182,1.10188
exness,EURUSD,2023-05-03 01:28:27.996Z,1.10181,1.10186
exness,EURUSD,2023-05-03 01:28:38.320Z,1.10178,1.10185
exness,EURUSD,2023-05-03 01:29:11.008Z,1.10177,1.10184
exness,EURUSD,2023-05-03 01:29:25.565Z,1.10179,1.10185
exness,EURUSD,2023-05-03 01:29:29.015Z,1.1018,1.10187
exness,EURUSD,2023-05-03 01:29:29.846Z,1.10182,1.10187
exness,EURUSD,2023-05-03 01:29:29.863Z,1.1018,1.10186
exness,EURUSD,2023-05-03 01:29:29.925Z,1.1018,1.10185
exness,EURUSD,2023-05-03 01:29:33.583Z,1.1018,1.10186
exness,EURUSD,2023-05-03 01:29:39.800Z,1.10182,1.10187
exness,EURUSD,2023-05-03 01:29:43.281Z,1.10183,1.10189
exness,EURUSD,2023-05-03 01:29:43.287Z,1.10185,1.10191
exness,EURUSD,2023-05-03 01:29:43.329Z,1.10186,1.10192
exness,EURUSD,2023-05-03 01:29:43.332Z,1.10188,1.10194
exness,EURUSD,2023-05-03 01:30:00.243Z,1.10185,1.10192
exness,EURUSD,2023-05-03 01:30:00.300Z,1.10187,1.10192
exness,EURUSD,2023-05-03 01:30:01.641Z,1.10185,1.10191
exness,EURUSD,2023-05-03 01:30:01.677Z,1.10184,1.1019
exness,EURUSD,2023-05-03 01:30:01.700Z,1.10182,1.10188
exness,EURUSD,2023-05-03 01:30:09.685Z,1.10184,1.1019
exness,EURUSD,2023-05-03 01:30:09.696Z,1.10185,1.10191
exness,EURUSD,2023-05-03 01:30:09.897Z,1.10187,1.10193
exness,EURUSD,2023-05-03 01:30:18.797Z,1.10185,1.10192
exness,EURUSD,2023-05-03 01:30:18.816Z,1.10184,1.1019
exness,EURUSD,2023-05-03 01:30:18.857Z,1.10182,1.10188
exness,EURUSD,2023-05-03 01:30:36.529Z,1.1018,1.10186
exness,EURUSD,2023-05-03 01:30:54.542Z,1.10181,1.10187
exness,EURUSD,2023-05-03 01:30:59.178Z,1.10181,1.10186
exness,EURUSD,2023-05-03 01:31:06.207Z,1.10179,1.10185
exness,EURUSD,2023-05-03 01:31:06.282Z,1.10177,1.10184
exness,EURUSD,2023-05-03 01:31:08.172Z,1.10176,1.10182
exness,EURUSD,2023-05-03 01:31:08.197Z,1.10174,1.1018
exness,EURUSD,2023-05-03 01:31:08.207Z,1.10172,1.10179
exness,EURUSD,2023-05-03 01:31:08.229Z,1.1017,1.10176
exness,EURUSD,2023-05-03 01:31:08.277Z,1.10168,1.10174
exness,EURUSD,2023-05-03 01:31:09.292Z,1.10167,1.10173
exness,EURUSD,2023-05-03 01:31:18.272Z,1.10168,1.10175
exness,EURUSD,2023-05-03 01:31:20.451Z,1.10167,1.10173
exness,EURUSD,2023-05-03 01:31:25.295Z,1.10166,1.10172
exness,EURUSD,2023-05-03 01:31:29.813Z,1.10165,1.10171
exness,EURUSD,2023-05-03 01:31:29.844Z,1.10163,1.10169
exness,EURUSD,2023-05-03 01:31:41.917Z,1.10162,1.10168
exness,EURUSD,2023-05-03 01:31:51.559Z,1.1016,1.10166
exness,EURUSD,2023-05-03 01:31:53.024Z,1.10158,1.10164
exness,EURUSD,2023-05-03 01:31:53.107Z,1.10156,1.10162
exness,EURUSD,2023-05-03 01:31:54.281Z,1.10155,1.10161
exness,EURUSD,2023-05-03 01:31:55.540Z,1.10154,1.10159
exness,EURUSD,2023-05-03 01:31:58.765Z,1.10155,1.10161
exness,EURUSD,2023-05-03 01:32:00.046Z,1.10156,1.10162
exness,EURUSD,2023-05-03 01:32:01.235Z,1.10157,1.10162
exness,EURUSD,2023-05-03 01:32:12.616Z,1.10158,1.10164
exness,EURUSD,2023-05-03 01:32:12.649Z,1.1016,1.10166
exness,EURUSD,2023-05-03 01:32:12.706Z,1.10161,1.10167
exness,EURUSD,2023-05-03 01:32:17.375Z,1.10163,1.10169
exness,EURUSD,2023-05-03 01:32:17.406Z,1.10165,1.10171
exness,EURUSD,2023-05-03 01:32:17.823Z,1.10167,1.10172
exness,EURUSD,2023-05-03 01:32:18.012Z,1.10165,1.10171
exness,EURUSD,2023-05-03 01:32:19.017Z,1.10164,1.1017
exness,EURUSD,2023-05-03 01:32:23.898Z,1.10165,1.10171
exness,EURUSD,2023-05-03 01:32:26.107Z,1.10164,1.1017
exness,EURUSD,2023-05-03 01:32:35.283Z,1.10165,1.10171
exness,EURUSD,2023-05-03 01:32:35.298Z,1.10167,1.10173
exness,EURUSD,2023-05-03 01:32:35.334Z,1.10168,1.10175
exness,EURUSD,2023-05-03 01:32:35.374Z,1.1017,1.10176
exness,EURUSD,2023-05-03 01:32:35.381Z,1.10172,1.10178
exness,EURUSD,2023-05-03 01:33:00.698Z,1.1017,1.10177
exness,EURUSD,2023-05-03 01:33:01.774Z,1.10169,1.10176
exness,EURUSD,2023-05-03 01:33:05.133Z,1.1017,1.10175
exness,EURUSD,2023-05-03 01:33:05.272Z,1.10171,1.10177
exness,EURUSD,2023-05-03 01:33:06.760Z,1.10172,1.10177
exness,EURUSD,2023-05-03 01:33:08.899Z,1.10173,1.1018
exness,EURUSD,2023-05-03 01:33:10.027Z,1.10175,1.1018
exness,EURUSD,2023-05-03 01:33:12.919Z,1.10175,1.10181
exness,EURUSD,2023-05-03 01:33:13.488Z,1.10177,1.10183
exness,EURUSD,2023-05-03 01:33:16.344Z,1.10176,1.10182
exness,EURUSD,2023-05-03 01:33:27.116Z,1.10175,1.1018
exness,EURUSD,2023-05-03 01:33:28.470Z,1.10174,1.1018
exness,EURUSD,2023-05-03 01:33:29.727Z,1.10173,1.10179
exness,EURUSD,2023-05-03 01:33:33.750Z,1.10174,1.1018
exness,EURUSD,2023-05-03 01:33:40.296Z,1.10172,1.10179
exness,EURUSD,2023-05-03 01:33:52.488Z,1.10174,1.1018
exness,EURUSD,2023-05-03 01:33:58.508Z,1.10175,1.1018
exness,EURUSD,2023-05-03 01:34:00.317Z,1.10174,1.1018
exness,EURUSD,2023-05-03 01:34:01.355Z,1.10172,1.10179
exness,EURUSD,2023-05-03 01:34:05.365Z,1.10174,1.1018
exness,EURUSD,2023-05-03 01:34:05.375Z,1.10175,1.10182
exness,EURUSD,2023-05-03 01:34:05.413Z,1.10177,1.10183
exness,EURUSD,2023-05-03 01:34:13.633Z,1.10176,1.10182
exness,EURUSD,2023-05-03 01:34:13.912Z,1.10174,1.10181
exness,EURUSD,2023-05-03 01:34:13.964Z,1.10173,1.10179
exness,EURUSD,2023-05-03 01:34:19.830Z,1.10174,1.1018
exness,EURUSD,2023-05-03 01:34:19.904Z,1.10175,1.10182
exness,EURUSD,2023-05-03 01:34:22.662Z,1.10177,1.10182
exness,EURUSD,2023-05-03 01:34:26.674Z,1.10176,1.10181
exness,EURUSD,2023-05-03 01:34:31.721Z,1.10177,1.10182
exness,EURUSD,2023-05-03 01:34:38.748Z,1.10176,1.10182
exness,EURUSD,2023-05-03 01:34:45.388Z,1.10174,1.1018
exness,EURUSD,2023-05-03 01:34:45.524Z,1.10173,1.10179
exness,EURUSD,2023-05-03 01:34:48.057Z,1.10172,1.10177
exness,EURUSD,2023-05-03 01:34:49.892Z,1.10171,1.10177
exness,EURUSD,2023-05-03 01:34:50.284Z,1.10169,1.10176
exness,EURUSD,2023-05-03 01:34:55.574Z,1.10169,1.10174
exness,EURUSD,2023-05-03 01:35:00.861Z,1.10169,1.10176
exness,EURUSD,2023-05-03 01:35:00.897Z,1.10171,1.10177
exness,EURUSD,2023-05-03 01:35:00.914Z,1.10173,1.10179
exness,EURUSD,2023-05-03 01:35:01.064Z,1.10175,1.1018
exness,EURUSD,2023-05-03 01:35:04.677Z,1.10175,1.10181
exness,EURUSD,2023-05-03 01:35:04.871Z,1.10173,1.10179
exness,EURUSD,2023-05-03 01:35:09.725Z,1.10173,1.10178
exness,EURUSD,2023-05-03 01:35:09.934Z,1.10174,1.1018
exness,EURUSD,2023-05-03 01:35:12.111Z,1.10175,1.1018
exness,EURUSD,2023-05-03 01:35:18.589Z,1.10174,1.1018
exness,EURUSD,2023-05-03 01:35:20.874Z,1.10176,1.10182
exness,EURUSD,2023-05-03 01:35:21.390Z,1.10177,1.10182
exness,EURUSD,2023-05-03 01:35:30.294Z,1.10178,1.10184
exness,EURUSD,2023-05-03 01:35:30.394Z,1.1018,1.10186
exness,EURUSD,2023-05-03 01:35:30.879Z,1.10182,1.10188
exness,EURUSD,2023-05-03 01:35:32.202Z,1.10184,1.10189
exness,EURUSD,2023-05-03 01:35:34.799Z,1.10184,1.1019
exness,EURUSD,2023-05-03 01:35:37.291Z,1.10186,1.10192
exness,EURUSD,2023-05-03 01:35:51.200Z,1.10184,1.1019
exness,EURUSD,2023-05-03 01:35:51.224Z,1.10182,1.10188
exness,EURUSD,2023-05-03 01:35:51.244Z,1.10181,1.10187
exness,EURUSD,2023-05-03 01:35:51.252Z,1.10179,1.10185
exness,EURUSD,2023-05-03 01:35:51.443Z,1.10177,1.10184
exness,EURUSD,2023-05-03 01:35:55.298Z,1.10179,1.10186
exness,EURUSD,2023-05-03 01:35:57.395Z,1.10181,1.10187
exness,EURUSD,2023-05-03 01:36:01.781Z,1.10183,1.10189
exness,EURUSD,2023-05-03 01:36:09.802Z,1.10184,1.1019
exness,EURUSD,2023-05-03 01:36:14.054Z,1.10183,1.10189
exness,EURUSD,2023-05-03 01:36:14.221Z,1.10184,1.10189
exness,EURUSD,2023-05-03 01:36:15.242Z,1.10184,1.1019
exness,EURUSD,2023-05-03 01:36:21.229Z,1.10186,1.10192
exness,EURUSD,2023-05-03 01:36:36.232Z,1.10187,1.10192
exness,EURUSD,2023-05-03 01:36:39.642Z,1.10187,1.10193
exness,EURUSD,2023-05-03 01:36:46.479Z,1.10186,1.10192
exness,EURUSD,2023-05-03 01:36:53.387Z,1.10187,1.10192
exness,EURUSD,2023-05-03 01:36:54.395Z,1.10186,1.10192
exness,EURUSD,2023-05-03 01:37:01.998Z,1.10188,1.10194
exness,EURUSD,2023-05-03 01:37:03.102Z,1.10189,1.10196
exness,EURUSD,2023-05-03 01:37:03.839Z,1.10188,1.10194
exness,EURUSD,2023-05-03 01:37:05.017Z,1.10188,1.10193
exness,EURUSD,2023-05-03 01:37:05.869Z,1.10188,1.10194
exness,EURUSD,2023-05-03 01:37:08.331Z,1.10189,1.10194
exness,EURUSD,2023-05-03 01:37:10.898Z,1.1019,1.10196
exness,EURUSD,2023-05-03 01:37:13.966Z,1.10192,1.10198
exness,EURUSD,2023-05-03 01:37:14.001Z,1.10194,1.102
exness,EURUSD,2023-05-03 01:37:20.308Z,1.10192,1.10199
exness,EURUSD,2023-05-03 01:37:21.688Z,1.10194,1.102
exness,EURUSD,2023-05-03 01:37:38.360Z,1.10196,1.10202
exness,EURUSD,2023-05-03 01:37:47.701Z,1.10194,1.10201
exness,EURUSD,2023-05-03 01:37:49.932Z,1.10196,1.10202
exness,EURUSD,2023-05-03 01:37:50.951Z,1.10197,1.10202
exness,EURUSD,2023-05-03 01:37:58.723Z,1.10195,1.10201
exness,EURUSD,2023-05-03 01:37:58.745Z,1.10193,1.102
exness,EURUSD,2023-05-03 01:37:59.253Z,1.10193,1.10198
exness,EURUSD,2023-05-03 01:38:03.233Z,1.10195,1.10201
exness,EURUSD,2023-05-03 01:38:03.253Z,1.10196,1.10202
exness,EURUSD,2023-05-03 01:38:16.786Z,1.10194,1.102
exness,EURUSD,2023-05-03 01:38:17.262Z,1.10193,1.10198
exness,EURUSD,2023-05-03 01:38:18.232Z,1.10192,1.10198
exness,EURUSD,2023-05-03 01:38:31.362Z,1.1019,1.10196
exness,EURUSD,2023-05-03 01:38:31.398Z,1.10188,1.10194
exness,EURUSD,2023-05-03 01:38:36.405Z,1.1019,1.10195
exness,EURUSD,2023-05-03 01:38:42.035Z,1.10191,1.10197
exness,EURUSD,2023-05-03 01:38:46.865Z,1.10192,1.10198
exness,EURUSD,2023-05-03 01:38:47.559Z,1.10193,1.10199
exness,EURUSD,2023-05-03 01:39:03.318Z,1.10191,1.10197
exness,EURUSD,2023-05-03 01:39:03.352Z,1.10189,1.10195
exness,EURUSD,2023-05-03 01:39:07.282Z,1.1019,1.10197
exness,EURUSD,2023-05-03 01:39:08.556Z,1.10188,1.10194
exness,EURUSD,2023-05-03 01:39:09.900Z,1.10188,1.10193
exness,EURUSD,2023-05-03 01:39:39.815Z,1.10186,1.10193
exness,EURUSD,2023-05-03 01:39:45.888Z,1.10188,1.10195
exness,EURUSD,2023-05-03 01:39:52.878Z,1.10188,1.10193
exness,EURUSD,2023-05-03 01:39:58.183Z,1.10188,1.10194
exness,EURUSD,2023-05-03 01:40:01.558Z,1.1019,1.10196
exness,EURUSD,2023-05-03 01:40:01.946Z,1.10192,1.10198
exness,EURUSD,2023-05-03 01:40:07.810Z,1.1019,1.10197
exness,EURUSD,2023-05-03 01:40:10.437Z,1.1019,1.10195
exness,EURUSD,2023-05-03 01:40:10.463Z,1.10189,1.10195
exness,EURUSD,2023-05-03 01:40:10.518Z,1.10189,1.10194
exness,EURUSD,2023-05-03 01:40:13.508Z,1.10187,1.10193
exness,EURUSD,2023-05-03 01:40:30.695Z,1.10185,1.10191
exness,EURUSD,2023-05-03 01:40:31.726Z,1.10183,1.1019
exness,EURUSD,2023-05-03 01:40:39.900Z,1.10185,1.10191
exness,EURUSD,2023-05-03 01:40:44.595Z,1.10187,1.10192
exness,EURUSD,2023-05-03 01:40:44.678Z,1.10188,1.10194
exness,EURUSD,2023-05-03 01:40:44.753Z,1.10189,1.10194
exness,EURUSD,2023-05-03 01:40:45.602Z,1.10189,1.10196
exness,EURUSD,2023-05-03 01:40:51.062Z,1.10191,1.10197
exness,EURUSD,2023-05-03 01:40:52.760Z,1.10193,1.10199
exness,EURUSD,2023-05-03 01:40:53.886Z,1.10194,1.102
exness,EURUSD,2023-05-03 01:41:05.254Z,1.10196,1.10202
exness,EURUSD,2023-05-03 01:41:08.143Z,1.10197,1.10204
exness,EURUSD,2023-05-03 01:41:08.186Z,1.10199,1.10205
exness,EURUSD,2023-05-03 01:41:08.205Z,1.10201,1.10207
exness,EURUSD,2023-05-03 01:41:08.241Z,1.10202,1.10208
exness,EURUSD,2023-05-03 01:41:08.266Z,1.10204,1.1021
exness,EURUSD,2023-05-03 01:41:09.677Z,1.10205,1.10211
exness,EURUSD,2023-05-03 01:41:10.593Z,1.10203,1.10209
exness,EURUSD,2023-05-03 01:41:11.478Z,1.10203,1.10208
exness,EURUSD,2023-05-03 01:41:11.498Z,1.10201,1.10208
exness,EURUSD,2023-05-03 01:41:13.191Z,1.102,1.10207
exness,EURUSD,2023-05-03 01:41:15.312Z,1.10199,1.10205
exness,EURUSD,2023-05-03 01:41:15.323Z,1.10197,1.10204
exness,EURUSD,2023-05-03 01:41:15.333Z,1.10196,1.10202
exness,EURUSD,2023-05-03 01:41:15.343Z,1.10194,1.102
exness,EURUSD,2023-05-03 01:41:15.354Z,1.10193,1.10199
exness,EURUSD,2023-05-03 01:41:15.378Z,1.10191,1.10197
exness,EURUSD,2023-05-03 01:41:24.004Z,1.1019,1.10196
exness,EURUSD,2023-05-03 01:41:30.037Z,1.10192,1.10199
exness,EURUSD,2023-05-03 01:41:33.736Z,1.10191,1.10197
exness,EURUSD,2023-05-03 01:41:37.440Z,1.10189,1.10196
exness,EURUSD,2023-05-03 01:41:47.519Z,1.10187,1.10193
exness,EURUSD,2023-05-03 01:42:02.168Z,1.10185,1.10191
exness,EURUSD,2023-05-03 01:42:02.203Z,1.10183,1.1019
exness,EURUSD,2023-05-03 01:42:02.271Z,1.10182,1.10188
exness,EURUSD,2023-05-03 01:42:02.937Z,1.10184,1.10189
exness,EURUSD,2023-05-03 01:42:02.975Z,1.10184,1.1019
exness,EURUSD,2023-05-03 01:42:02.978Z,1.10186,1.10192
exness,EURUSD,2023-05-03 01:42:03.604Z,1.10188,1.10193
exness,EURUSD,2023-05-03 01:42:05.871Z,1.10185,1.10191
exness,EURUSD,2023-05-03 01:42:08.232Z,1.10186,1.10192
exness,EURUSD,2023-05-03 01:42:09.349Z,1.10187,1.10193
exness,EURUSD,2023-05-03 01:42:09.757Z,1.10186,1.10192
exness,EURUSD,2023-05-03 01:42:09.792Z,1.10184,1.1019
exness,EURUSD,2023-05-03 01:42:10.872Z,1.10184,1.10189
exness,EURUSD,2023-05-03 01:42:21.069Z,1.10185,1.10191
exness,EURUSD,2023-05-03 01:42:21.104Z,1.10187,1.10193
exness,EURUSD,2023-05-03 01:42:21.127Z,1.10188,1.10195
exness,EURUSD,2023-05-03 01:42:23.162Z,1.1019,1.10195
exness,EURUSD,2023-05-03 01:42:32.806Z,1.10188,1.10194
exness,EURUSD,2023-05-03 01:43:03.610Z,1.1019,1.10197
exness,EURUSD,2023-05-03 01:43:11.127Z,1.10191,1.10198
exness,EURUSD,2023-05-03 01:43:40.784Z,1.10193,1.102
exness,EURUSD,2023-05-03 01:43:40.802Z,1.10195,1.10201
exness,EURUSD,2023-05-03 01:43:48.519Z,1.10194,1.102
exness,EURUSD,2023-05-03 01:43:59.286Z,1.10196,1.10202
exness,EURUSD,2023-05-03 01:44:01.609Z,1.10197,1.10202
exness,EURUSD,2023-05-03 01:44:12.473Z,1.10199,1.10205
exness,EURUSD,2023-05-03 01:44:12.510Z,1.102,1.10206
exness,EURUSD,2023-05-03 01:44:12.608Z,1.10202,1.10208
exness,EURUSD,2023-05-03 01:44:19.847Z,1.102,1.10206
exness,EURUSD,2023-05-03 01:44:25.249Z,1.102,1.10205
exness,EURUSD,2023-05-03 01:44:26.421Z,1.10198,1.10204
exness,EURUSD,2023-05-03 01:44:27.728Z,1.10197,1.10202
exness,EURUSD,2023-05-03 01:44:36.795Z,1.10195,1.10201
exness,EURUSD,2023-05-03 01:44:36.873Z,1.10193,1.10199
exness,EURUSD,2023-05-03 01:44:37.893Z,1.10192,1.10198
exness,EURUSD,2023-05-03 01:44:38.402Z,1.10193,1.10198
exness,EURUSD,2023-05-03 01:44:52.497Z,1.10192,1.10198
exness,EURUSD,2023-05-03 01:44:58.371Z,1.1019,1.10196
exness,EURUSD,2023-05-03 01:44:58.420Z,1.10188,1.10194
exness,EURUSD,2023-05-03 01:44:59.603Z,1.10187,1.10193
exness,EURUSD,2023-05-03 01:44:59.681Z,1.10188,1.10195
exness,EURUSD,2023-05-03 01:45:01.060Z,1.10191,1.10197
exness,EURUSD,2023-05-03 01:45:02.382Z,1.10189,1.10196
exness,EURUSD,2023-05-03 01:45:03.805Z,1.10189,1.10194
exness,EURUSD,2023-05-03 01:45:05.108Z,1.10191,1.10197
exness,EURUSD,2023-05-03 01:45:24.656Z,1.10193,1.10199
exness,EURUSD,2023-05-03 01:45:25.799Z,1.10195,1.10201
exness,EURUSD,2023-05-03 01:45:25.806Z,1.10196,1.10203
exness,EURUSD,2023-05-03 01:45:25.853Z,1.10198,1.10204
exness,EURUSD,2023-05-03 01:45:25.903Z,1.102,1.10206
exness,EURUSD,2023-05-03 01:45:25.974Z,1.10201,1.10207
exness,EURUSD,2023-05-03 01:45:26.363Z,1.10203,1.10208
exness,EURUSD,2023-05-03 01:45:29.172Z,1.10203,1.10209
exness,EURUSD,2023-05-03 01:45:33.639Z,1.10202,1.10208
exness,EURUSD,2023-05-03 01:45:39.279Z,1.10203,1.10209
exness,EURUSD,2023-05-03 01:45:40.096Z,1.10205,1.10211
exness,EURUSD,2023-05-03 01:45:41.271Z,1.10206,1.10213
exness,EURUSD,2023-05-03 01:45:41.347Z,1.10206,1.10211
exness,EURUSD,2023-05-03 01:45:41.531Z,1.10204,1.10211
exness,EURUSD,2023-05-03 01:45:54.740Z,1.10205,1.1021
exness,EURUSD,2023-05-03 01:46:04.117Z,1.10205,1.10211
exness,EURUSD,2023-05-03 01:46:15.315Z,1.10207,1.10213
exness,EURUSD,2023-05-03 01:46:16.462Z,1.10206,1.10212
exness,EURUSD,2023-05-03 01:46:17.897Z,1.10205,1.10211
exness,EURUSD,2023-05-03 01:46:18.053Z,1.10203,1.10209
exness,EURUSD,2023-05-03 01:46:26.126Z,1.10201,1.10208
exness,EURUSD,2023-05-03 01:46:35.151Z,1.10201,1.10206
exness,EURUSD,2023-05-03 01:46:41.554Z,1.10203,1.10209
exness,EURUSD,2023-05-03 01:46:41.601Z,1.10204,1.10211
exness,EURUSD,2023-05-03 01:46:41.635Z,1.10206,1.10212
exness,EURUSD,2023-05-03 01:46:45.414Z,1.10204,1.10211
exness,EURUSD,2023-05-03 01:46:53.351Z,1.10203,1.1021
exness,EURUSD,2023-05-03 01:46:57.642Z,1.10202,1.10208
exness,EURUSD,2023-05-03 01:47:00.427Z,1.10201,1.10206
exness,EURUSD,2023-05-03 01:47:01.987Z,1.10201,1.10207
exness,EURUSD,2023-05-03 01:47:18.534Z,1.10202,1.10207
exness,EURUSD,2023-05-03 01:47:19.695Z,1.10201,1.10207
exness,EURUSD,2023-05-03 01:47:31.018Z,1.10199,1.10205
exness,EURUSD,2023-05-03 01:47:31.565Z,1.10198,1.10203
exness,EURUSD,2023-05-03 01:47:38.034Z,1.10199,1.10205
exness,EURUSD,2023-05-03 01:47:39.349Z,1.102,1.10206
exness,EURUSD,2023-05-03 01:47:42.458Z,1.10201,1.10206
exness,EURUSD,2023-05-03 01:47:43.155Z,1.102,1.10206
exness,EURUSD,2023-05-03 01:47:45.981Z,1.102,1.10205
exness,EURUSD,2023-05-03 01:47:49.882Z,1.102,1.10206
exness,EURUSD,2023-05-03 01:47:50.951Z,1.10201,1.10206
exness,EURUSD,2023-05-03 01:47:51.606Z,1.10202,1.10208
exness,EURUSD,2023-05-03 01:47:55.974Z,1.10201,1.10207
exness,EURUSD,2023-05-03 01:47:59.535Z,1.10202,1.10208
exness,EURUSD,2023-05-03 01:48:06.501Z,1.10202,1.10207
exness,EURUSD,2023-05-03 01:48:10.980Z,1.102,1.10206
exness,EURUSD,2023-05-03 01:48:11.045Z,1.10198,1.10204
exness,EURUSD,2023-05-03 01:48:16.583Z,1.10197,1.10202
exness,EURUSD,2023-05-03 01:48:27.901Z,1.10198,1.10204
exness,EURUSD,2023-05-03 01:48:27.909Z,1.102,1.10206
exness,EURUSD,2023-05-03 01:48:27.932Z,1.10201,1.10208
exness,EURUSD,2023-05-03 01:48:27.947Z,1.10203,1.10209
exness,EURUSD,2023-05-03 01:48:28.005Z,1.10204,1.10209
exness,EURUSD,2023-05-03 01:48:28.007Z,1.10206,1.10212
exness,EURUSD,2023-05-03 01:48:28.011Z,1.10207,1.10213
exness,EURUSD,2023-05-03 01:48:42.595Z,1.10206,1.10212
exness,EURUSD,2023-05-03 01:48:46.420Z,1.10207,1.10213
exness,EURUSD,2023-05-03 01:48:51.644Z,1.10205,1.10211
exness,EURUSD,2023-05-03 01:48:51.672Z,1.10204,1.1021
exness,EURUSD,2023-05-03 01:48:56.476Z,1.10203,1.10208
exness,EURUSD,2023-05-03 01:48:58.346Z,1.10202,1.10208
exness,EURUSD,2023-05-03 01:49:16.807Z,1.102,1.10206
exness,EURUSD,2023-05-03 01:49:16.875Z,1.10199,1.10204
exness,EURUSD,2023-05-03 01:49:17.143Z,1.102,1.10206
exness,EURUSD,2023-05-03 01:49:17.202Z,1.10201,1.10206
exness,EURUSD,2023-05-03 01:49:23.265Z,1.10201,1.10207
exness,EURUSD,2023-05-03 01:49:31.703Z,1.10203,1.10209
exness,EURUSD,2023-05-03 01:49:31.799Z,1.10205,1.10211
exness,EURUSD,2023-05-03 01:49:31.814Z,1.10206,1.10212
exness,EURUSD,2023-05-03 01:49:31.939Z,1.10208,1.10213
exness,EURUSD,2023-05-03 01:49:35.376Z,1.10206,1.10212
exness,EURUSD,2023-05-03 01:49:36.011Z,1.10204,1.1021
exness,EURUSD,2023-05-03 01:49:40.359Z,1.10204,1.10209
exness,EURUSD,2023-05-03 01:49:45.494Z,1.10205,1.10211
exness,EURUSD,2023-05-03 01:49:45.517Z,1.10206,1.10213
exness,EURUSD,2023-05-03 01:49:47.024Z,1.10208,1.10213
exness,EURUSD,2023-05-03 01:49:51.079Z,1.10207,1.10214
exness,EURUSD,2023-05-03 01:50:02.774Z,1.1021,1.10216
exness,EURUSD,2023-05-03 01:50:02.956Z,1.10211,1.10217
exness,EURUSD,2023-05-03 01:50:03.774Z,1.10213,1.10219
exness,EURUSD,2023-05-03 01:50:03.793Z,1.10214,1.10221
exness,EURUSD,2023-05-03 01:50:04.630Z,1.10216,1.10222
exness,EURUSD,2023-05-03 01:50:15.402Z,1.10215,1.10221
exness,EURUSD,2023-05-03 01:50:21.767Z,1.10216,1.10222
exness,EURUSD,2023-05-03 01:50:26.277Z,1.10218,1.10223
exness,EURUSD,2023-05-03 01:50:29.382Z,1.10215,1.10222
exness,EURUSD,2023-05-03 01:50:29.473Z,1.10215,1.1022
exness,EURUSD,2023-05-03 01:50:29.536Z,1.10213,1.1022
exness,EURUSD,2023-05-03 01:50:29.717Z,1.10213,1.10218
exness,EURUSD,2023-05-03 01:50:30.766Z,1.10212,1.10218
exness,EURUSD,2023-05-03 01:50:33.996Z,1.1021,1.10216
exness,EURUSD,2023-05-03 01:50:34.285Z,1.10208,1.10214
exness,EURUSD,2023-05-03 01:50:34.293Z,1.10206,1.10212
exness,EURUSD,2023-05-03 01:50:34.335Z,1.10205,1.10211
exness,EURUSD,2023-05-03 01:50:57.287Z,1.10206,1.10212
exness,EURUSD,2023-05-03 01:51:08.522Z,1.10207,1.10212
exness,EURUSD,2023-05-03 01:51:11.003Z,1.10204,1.10211
exness,EURUSD,2023-05-03 01:51:11.034Z,1.10203,1.10209
exness,EURUSD,2023-05-03 01:51:11.089Z,1.10202,1.10207
exness,EURUSD,2023-05-03 01:51:11.103Z,1.10201,1.10207
exness,EURUSD,2023-05-03 01:51:12.111Z,1.10202,1.10208
exness,EURUSD,2023-05-03 01:51:21.085Z,1.10201,1.10207
exness,EURUSD,2023-05-03 01:51:21.147Z,1.102,1.10205
exness,EURUSD,2023-05-03 01:51:21.172Z,1.10201,1.10207
exness,EURUSD,2023-05-03 01:51:21.400Z,1.10203,1.10208
exness,EURUSD,2023-05-03 01:51:33.215Z,1.10204,1.1021
exness,EURUSD,2023-05-03 01:51:33.267Z,1.10205,1.10212
exness,EURUSD,2023-05-03 01:51:33.320Z,1.10207,1.10213
exness,EURUSD,2023-05-03 01:51:58.691Z,1.10209,1.10215
exness,EURUSD,2023-05-03 01:51:58.773Z,1.1021,1.10217
exness,EURUSD,2023-05-03 01:51:59.195Z,1.10212,1.10218
exness,EURUSD,2023-05-03 01:52:03.983Z,1.10211,1.10217
exness,EURUSD,2023-05-03 01:52:17.873Z,1.10212,1.10218
exness,EURUSD,2023-05-03 01:52:21.486Z,1.10214,1.1022
exness,EURUSD,2023-05-03 01:52:21.589Z,1.10216,1.10222
exness,EURUSD,2023-05-03 01:52:25.208Z,1.10218,1.10223
exness,EURUSD,2023-05-03 01:52:39.743Z,1.10219,1.10225
exness,EURUSD,2023-05-03 01:52:39.802Z,1.1022,1.10227
exness,EURUSD,2023-05-03 01:52:39.826Z,1.10222,1.10228
exness,EURUSD,2023-05-03 01:52:39.991Z,1.10224,1.1023
exness,EURUSD,2023-05-03 01:52:40.004Z,1.10225,1.10232
exness,EURUSD,2023-05-03 01:52:40.022Z,1.10227,1.10233
exness,EURUSD,2023-05-03 01:52:40.111Z,1.10229,1.10234
exness,EURUSD,2023-05-03 01:52:41.138Z,1.10227,1.10234
exness,EURUSD,2023-05-03 01:52:57.290Z,1.10226,1.10233
exness,EURUSD,2023-05-03 01:52:57.311Z,1.10225,1.10231
exness,EURUSD,2023-05-03 01:52:57.339Z,1.10223,1.1023
exness,EURUSD,2023-05-03 01:52:58.608Z,1.10225,1.10231
exness,EURUSD,2023-05-03 01:53:01.376Z,1.10226,1.10233
exness,EURUSD,2023-05-03 01:53:12.431Z,1.10227,1.10234
exness,EURUSD,2023-05-03 01:53:14.029Z,1.10229,1.10235
exness,EURUSD,2023-05-03 01:53:16.243Z,1.1023,1.10235
exness,EURUSD,2023-05-03 01:53:17.366Z,1.10231,1.10238
exness,EURUSD,2023-05-03 01:53:18.097Z,1.10233,1.10238
exness,EURUSD,2023-05-03 01:53:18.187Z,1.10234,1.1024
exness,EURUSD,2023-05-03 01:53:21.889Z,1.10232,1.10238
exness,EURUSD,2023-05-03 01:53:35.423Z,1.1023,1.10236
exness,EURUSD,2023-05-03 01:53:35.477Z,1.10228,1.10235
exness,EURUSD,2023-05-03 01:53:36.505Z,1.10228,1.10233
exness,EURUSD,2023-05-03 01:53:40.835Z,1.10226,1.10232
exness,EURUSD,2023-05-03 01:53:50.524Z,1.10227,1.10233
exness,EURUSD,2023-05-03 01:54:01.881Z,1.10225,1.10231
exness,EURUSD,2023-05-03 01:54:01.903Z,1.10223,1.1023
exness,EURUSD,2023-05-03 01:54:03.129Z,1.10222,1.10228
exness,EURUSD,2023-05-03 01:54:04.225Z,1.10222,1.10227
exness,EURUSD,2023-05-03 01:54:12.518Z,1.1022,1.10226
exness,EURUSD,2023-05-03 01:54:12.761Z,1.10218,1.10225
exness,EURUSD,2023-05-03 01:54:12.778Z,1.10217,1.10223
exness,EURUSD,2023-05-03 01:54:14.079Z,1.10215,1.10222
exness,EURUSD,2023-05-03 01:54:14.126Z,1.10214,1.1022
exness,EURUSD,2023-05-03 01:54:14.172Z,1.10212,1.10218
exness,EURUSD,2023-05-03 01:54:16.802Z,1.10214,1.1022
exness,EURUSD,2023-05-03 01:54:16.991Z,1.10216,1.10222
exness,EURUSD,2023-05-03 01:54:17.065Z,1.10217,1.10222
exness,EURUSD,2023-05-03 01:54:24.474Z,1.10218,1.10224
exness,EURUSD,2023-05-03 01:54:25.311Z,1.10218,1.10223
exness,EURUSD,2023-05-03 01:54:29.454Z,1.10218,1.10224
exness,EURUSD,2023-05-03 01:54:30.524Z,1.10219,1.10224
exness,EURUSD,2023-05-03 01:54:30.943Z,1.10218,1.10224
exness,EURUSD,2023-05-03 01:54:32.109Z,1.10218,1.10223
exness,EURUSD,2023-05-03 01:54:36.461Z,1.10219,1.10225
exness,EURUSD,2023-05-03 01:54:41.770Z,1.10217,1.10223
exness,EURUSD,2023-05-03 01:54:45.883Z,1.10217,1.10222
exness,EURUSD,2023-05-03 01:54:46.957Z,1.10217,1.10223
exness,EURUSD,2023-05-03 01:54:48.671Z,1.10218,1.10225
exness,EURUSD,2023-05-03 01:54:48.700Z,1.1022,1.10226
exness,EURUSD,2023-05-03 01:55:02.036Z,1.10221,1.10227
exness,EURUSD,2023-05-03 01:55:19.660Z,1.10222,1.10228
exness,EURUSD,2023-05-03 01:55:23.741Z,1.10223,1.10229
exness,EURUSD,2023-05-03 01:55:23.761Z,1.10225,1.10231
exness,EURUSD,2023-05-03 01:55:23.773Z,1.10227,1.10233
exness,EURUSD,2023-05-03 01:55:48.641Z,1.10229,1.10235
exness,EURUSD,2023-05-03 01:55:48.692Z,1.1023,1.10236
exness,EURUSD,2023-05-03 01:56:13.105Z,1.10232,1.10238
exness,EURUSD,2023-05-03 01:56:38.564Z,1.10233,1.1024
exness,EURUSD,2023-05-03 01:56:38.587Z,1.10235,1.10241
exness,EURUSD,2023-05-03 01:56:45.777Z,1.10236,1.10241
exness,EURUSD,2023-05-03 01:57:03.304Z,1.10236,1.10243
exness,EURUSD,2023-05-03 01:57:17.180Z,1.10234,1.1024
exness,EURUSD,2023-05-03 01:57:17.241Z,1.10233,1.10239
exness,EURUSD,2023-05-03 01:57:22.736Z,1.10234,1.1024
exness,EURUSD,2023-05-03 01:57:35.043Z,1.10235,1.1024
exness,EURUSD,2023-05-03 01:57:37.930Z,1.10234,1.1024
exness,EURUSD,2023-05-03 01:57:42.827Z,1.10236,1.10242
exness,EURUSD,2023-05-03 01:57:57.874Z,1.10235,1.10241
exness,EURUSD,2023-05-03 01:58:09.562Z,1.10236,1.10243
exness,EURUSD,2023-05-03 01:58:09.587Z,1.10238,1.10244
exness,EURUSD,2023-05-03 01:58:09.986Z,1.10237,1.10242
exness,EURUSD,2023-05-03 01:58:11.158Z,1.10235,1.10241
exness,EURUSD,2023-05-03 01:58:11.217Z,1.10233,1.10239
exness,EURUSD,2023-05-03 01:58:11.834Z,1.10231,1.10238
exness,EURUSD,2023-05-03 01:58:13.384Z,1.10229,1.10236
exness,EURUSD,2023-05-03 01:58:13.410Z,1.10228,1.10234
exness,EURUSD,2023-05-03 01:58:13.421Z,1.10226,1.10232
exness,EURUSD,2023-05-03 01:58:13.935Z,1.10228,1.10234
exness,EURUSD,2023-05-03 01:58:15.310Z,1.10226,1.10232
exness,EURUSD,2023-05-03 01:58:35.197Z,1.10227,1.10234
exness,EURUSD,2023-05-03 01:58:43.746Z,1.10227,1.10232
exness,EURUSD,2023-05-03 01:58:45.024Z,1.10225,1.10231
exness,EURUSD,2023-05-03 01:58:46.367Z,1.10223,1.1023
exness,EURUSD,2023-05-03 01:58:46.903Z,1.10223,1.10228
exness,EURUSD,2023-05-03 01:59:31.493Z,1.10224,1.1023
exness,EURUSD,2023-05-03 01:59:31.521Z,1.10225,1.10231
exness,EURUSD,2023-05-03 01:59:32.165Z,1.10227,1.10233
exness,EURUSD,2023-05-03 01:59:57.814Z,1.10225,1.10231
exness,EURUSD,2023-05-03 02:00:00.573Z,1.10227,1.10232
exness,EURUSD,2023-05-03 02:00:06.580Z,1.10228,1.10234
exness,EURUSD,2023-05-03 02:00:06.749Z,1.10226,1.10232
exness,EURUSD,2023-05-03 02:00:12.197Z,1.10225,1.10231
exness,EURUSD,2023-05-03 02:00:18.812Z,1.10227,1.10232
exness,EURUSD,2023-05-03 02:00:19.997Z,1.10225,1.10232
exness,EURUSD,2023-05-03 02:00:20.764Z,1.10224,1.1023
exness,EURUSD,2023-05-03 02:00:21.144Z,1.10224,1.10229
exness,EURUSD,2023-05-03 02:00:21.928Z,1.10222,1.10228
exness,EURUSD,2023-05-03 02:00:36.983Z,1.10221,1.10227
exness,EURUSD,2023-05-03 02:00:36.994Z,1.10219,1.10225
exness,EURUSD,2023-05-03 02:00:37.146Z,1.10217,1.10224
exness,EURUSD,2023-05-03 02:00:37.817Z,1.10217,1.10222
exness,EURUSD,2023-05-03 02:00:46.013Z,1.10215,1.10221
exness,EURUSD,2023-05-03 02:00:49.627Z,1.10216,1.10221
exness,EURUSD,2023-05-03 02:01:08.893Z,1.10215,1.10221
exness,EURUSD,2023-05-03 02:01:13.648Z,1.10216,1.10221
exness,EURUSD,2023-05-03 02:01:35.688Z,1.10213,1.1022
exness,EURUSD,2023-05-03 02:01:36.741Z,1.10212,1.10218
exness,EURUSD,2023-05-03 02:01:45.573Z,1.1021,1.10216
exness,EURUSD,2023-05-03 02:01:50.677Z,1.10209,1.10215
exness,EURUSD,2023-05-03 02:01:50.690Z,1.10207,1.10213
exness,EURUSD,2023-05-03 02:01:51.338Z,1.10209,1.10214
exness,EURUSD,2023-05-03 02:01:53.411Z,1.10209,1.10215
exness,EURUSD,2023-05-03 02:01:53.476Z,1.1021,1.10217
exness,EURUSD,2023-05-03 02:02:01.981Z,1.10209,1.10214
exness,EURUSD,2023-05-03 02:02:02.534Z,1.10207,1.10213
exness,EURUSD,2023-05-03 02:02:05.776Z,1.10208,1.10213
exness,EURUSD,2023-05-03 02:02:13.580Z,1.10209,1.10216
exness,EURUSD,2023-05-03 02:02:14.222Z,1.10211,1.10217
exness,EURUSD,2023-05-03 02:02:19.330Z,1.10209,1.10216
exness,EURUSD,2023-05-03 02:02:19.436Z,1.10208,1.10214
exness,EURUSD,2023-05-03 02:02:32.429Z,1.10209,1.10214
exness,EURUSD,2023-05-03 02:02:34.304Z,1.1021,1.10216
exness,EURUSD,2023-05-03 02:02:35.303Z,1.10211,1.10217
exness,EURUSD,2023-05-03 02:02:35.388Z,1.10212,1.10217
exness,EURUSD,2023-05-03 02:02:37.394Z,1.10213,1.10219
exness,EURUSD,2023-05-03 02:02:37.459Z,1.10214,1.1022
exness,EURUSD,2023-05-03 02:02:38.401Z,1.10214,1.10219
exness,EURUSD,2023-05-03 02:02:38.460Z,1.10214,1.10221
exness,EURUSD,2023-05-03 02:02:39.849Z,1.10216,1.10222
exness,EURUSD,2023-05-03 02:02:42.448Z,1.10217,1.10222
exness,EURUSD,2023-05-03 02:02:45.839Z,1.10217,1.10224
exness,EURUSD,2023-05-03 02:02:45.871Z,1.10219,1.10225
exness,EURUSD,2023-05-03 02:02:57.998Z,1.10221,1.10227
exness,EURUSD,2023-05-03 02:03:02.160Z,1.10222,1.10228
exness,EURUSD,2023-05-03 02:03:35.714Z,1.10224,1.1023
exness,EURUSD,2023-05-03 02:03:45.723Z,1.10226,1.10232
exness,EURUSD,2023-05-03 02:03:48.399Z,1.10228,1.10234
exness,EURUSD,2023-05-03 02:03:48.493Z,1.10229,1.10236
exness,EURUSD,2023-05-03 02:03:49.696Z,1.10231,1.10237
exness,EURUSD,2023-05-03 02:03:56.094Z,1.1023,1.10236
exness,EURUSD,2023-05-03 02:03:56.118Z,1.10228,1.10234
exness,EURUSD,2023-05-03 02:03:56.214Z,1.10227,1.10233
exness,EURUSD,2023-05-03 02:03:57.184Z,1.10226,1.10231
exness,EURUSD,2023-05-03 02:03:57.247Z,1.10224,1.10231
exness,EURUSD,2023-05-03 02:03:57.611Z,1.10224,1.10229
exness,EURUSD,2023-05-03 02:03:57.685Z,1.10222,1.10228
exness,EURUSD,2023-05-03 02:03:58.795Z,1.10222,1.10227
exness,EURUSD,2023-05-03 02:04:02.059Z,1.1022,1.10227
exness,EURUSD,2023-05-03 02:04:17.001Z,1.10219,1.10225
exness,EURUSD,2023-05-03 02:04:19.467Z,1.1022,1.10226
exness,EURUSD,2023-05-03 02:04:19.961Z,1.10222,1.10227
exness,EURUSD,2023-05-03 02:04:28.026Z,1.10222,1.10228
exness,EURUSD,2023-05-03 02:04:35.327Z,1.1022,1.10226
exness,EURUSD,2023-05-03 02:04:35.425Z,1.10218,1.10225
exness,EURUSD,2023-05-03 02:04:46.254Z,1.10219,1.10226
exness,EURUSD,2023-05-03 02:04:53.059Z,1.10221,1.10226
exness,EURUSD,2023-05-03 02:04:54.787Z,1.10222,1.10228
exness,EURUSD,2023-05-03 02:04:54.813Z,1.10224,1.1023
exness,EURUSD,2023-05-03 02:04:54.830Z,1.10225,1.10232
exness,EURUSD,2023-05-03 02:04:58.427Z,1.10227,1.10232
exness,EURUSD,2023-05-03 02:05:00.064Z,1.10227,1.10234
exness,EURUSD,2023-05-03 02:05:00.771Z,1.10229,1.10235
exness,EURUSD,2023-05-03 02:05:00.818Z,1.1023,1.10237
exness,EURUSD,2023-05-03 02:05:02.353Z,1.10229,1.10235
exness,EURUSD,2023-05-03 02:05:03.410Z,1.10227,1.10233
exness,EURUSD,2023-05-03 02:05:03.445Z,1.10226,1.10231
exness,EURUSD,2023-05-03 02:05:04.792Z,1.10225,1.10231
exness,EURUSD,2023-05-03 02:05:04.823Z,1.10223,1.1023
exness,EURUSD,2023-05-03 02:05:06.150Z,1.10222,1.10228
exness,EURUSD,2023-05-03 02:05:07.153Z,1.10223,1.10228
exness,EURUSD,2023-05-03 02:05:09.224Z,1.10222,1.10228
exness,EURUSD,2023-05-03 02:05:14.733Z,1.10223,1.10229
exness,EURUSD,2023-05-03 02:05:14.744Z,1.10225,1.10231
exness,EURUSD,2023-05-03 02:05:15.769Z,1.10226,1.10232
exness,EURUSD,2023-05-03 02:05:15.958Z,1.10224,1.1023
exness,EURUSD,2023-05-03 02:05:17.000Z,1.10223,1.10229
exness,EURUSD,2023-05-03 02:05:32.336Z,1.10221,1.10228
exness,EURUSD,2023-05-03 02:05:36.380Z,1.1022,1.10226
exness,EURUSD,2023-05-03 02:05:46.486Z,1.1022,1.10225
exness,EURUSD,2023-05-03 02:05:48.870Z,1.10221,1.10227
exness,EURUSD,2023-05-03 02:05:48.927Z,1.10222,1.10228
exness,EURUSD,2023-05-03 02:05:48.937Z,1.10224,1.1023
exness,EURUSD,2023-05-03 02:05:55.209Z,1.10225,1.1023
exness,EURUSD,2023-05-03 02:05:55.434Z,1.10225,1.10232
exness,EURUSD,2023-05-03 02:06:12.847Z,1.10223,1.10229
exness,EURUSD,2023-05-03 02:06:13.921Z,1.10222,1.10228
exness,EURUSD,2023-05-03 02:06:21.817Z,1.10219,1.10225
exness,EURUSD,2023-05-03 02:06:27.035Z,1.1022,1.10227
exness,EURUSD,2023-05-03 02:06:32.967Z,1.10222,1.10227
exness,EURUSD,2023-05-03 02:06:37.424Z,1.10223,1.10229
exness,EURUSD,2023-05-03 02:06:40.402Z,1.10224,1.1023
exness,EURUSD,2023-05-03 02:06:40.884Z,1.10225,1.10231
exness,EURUSD,2023-05-03 02:06:42.114Z,1.10226,1.10233
