"Exness","Symbol","Timestamp","Bid","Ask"
"exness","EURUSD","2023-06-09 00:00:00.058Z",1.07816,1.07821
"exness","EURUSD","2023-06-09 00:00:00.106Z",1.07817,1.07823
"exness","EURUSD","2023-06-09 00:00:00.199Z",1.07818,1.07825
"exness","EURUSD","2023-06-09 00:00:03.839Z",1.0782,1.07825
"exness","EURUSD","2023-06-09 00:00:06.017Z",1.07819,1.07825
"exness","EURUSD","2023-06-09 00:00:08.409Z",1.0782,1.07826
"exness","EURUSD","2023-06-09 00:00:19.765Z",1.07822,1.07827
"exness","EURUSD","2023-06-09 00:00:20.769Z",1.07822,1.07829
"exness","EURUSD","2023-06-09 00:00:21.772Z",1.07821,1.07827
"exness","EURUSD","2023-06-09 00:00:23.012Z",1.0782,1.07826
"exness","EURUSD","2023-06-09 00:00:24.754Z",1.07819,1.07824
"exness","EURUSD","2023-06-09 00:00:24.834Z",1.07818,1.07824
"exness","EURUSD","2023-06-09 00:00:26.224Z",1.07816,1.07822
"exness","EURUSD","2023-06-09 00:00:37.334Z",1.07815,1.07821
"exness","EURUSD","2023-06-09 00:00:38.351Z",1.07817,1.07822
"exness","EURUSD","2023-06-09 00:00:48.862Z",1.07818,1.07824
"exness","EURUSD","2023-06-09 00:00:49.019Z",1.07819,1.07826
"exness","EURUSD","2023-06-09 00:00:52.286Z",1.07819,1.07824
"exness","EURUSD","2023-06-09 00:00:54.514Z",1.07817,1.07824
"exness","EURUSD","2023-06-09 00:00:56.977Z",1.07816,1.07822
"exness","EURUSD","2023-06-09 00:00:57.164Z",1.07814,1.0782
"exness","EURUSD","2023-06-09 00:00:57.318Z",1.07815,1.07822
"exness","EURUSD","2023-06-09 00:00:57.939Z",1.07817,1.07823
"exness","EURUSD","2023-06-09 00:00:58.914Z",1.07819,1.07825
"exness","EURUSD","2023-06-09 00:00:58.921Z",1.0782,1.07826
"exness","EURUSD","2023-06-09 00:00:58.961Z",1.07822,1.07828
"exness","EURUSD","2023-06-09 00:01:09.377Z",1.07824,1.0783
"exness","EURUSD","2023-06-09 00:01:10.842Z",1.07826,1.07831
"exness","EURUSD","2023-06-09 00:01:13.590Z",1.07826,1.07832
"exness","EURUSD","2023-06-09 00:01:20.875Z",1.07825,1.07831
"exness","EURUSD","2023-06-09 00:01:34.605Z",1.07827,1.07833
"exness","EURUSD","2023-06-09 00:01:36.880Z",1.07829,1.07836
"exness","EURUSD","2023-06-09 00:01:36.887Z",1.07831,1.07837
"exness","EURUSD","2023-06-09 00:01:36.914Z",1.07833,1.07839
"exness","EURUSD","2023-06-09 00:01:37.034Z",1.07834,1.0784
"exness","EURUSD","2023-06-09 00:01:38.763Z",1.07836,1.07843
"exness","EURUSD","2023-06-09 00:01:39.276Z",1.0783800000000001,1.07844
"exness","EURUSD","2023-06-09 00:01:39.341Z",1.0784,1.07845
"exness","EURUSD","2023-06-09 00:01:41.112Z",1.0783800000000001,1.07844
"exness","EURUSD","2023-06-09 00:01:41.835Z",1.0784,1.07846
"exness","EURUSD","2023-06-09 00:01:44.938Z",1.07841,1.07847
"exness","EURUSD","2023-06-09 00:01:45.091Z",1.07843,1.0784799999999999
"exness","EURUSD","2023-06-09 00:01:52.055Z",1.07841,1.07847
"exness","EURUSD","2023-06-09 00:01:56.856Z",1.07842,1.07847
"exness","EURUSD","2023-06-09 00:01:56.921Z",1.07842,1.07849
"exness","EURUSD","2023-06-09 00:01:57.153Z",1.07844,1.07849
"exness","EURUSD","2023-06-09 00:02:03.214Z",1.07842,1.0784799999999999
"exness","EURUSD","2023-06-09 00:02:10.488Z",1.07841,1.07847
"exness","EURUSD","2023-06-09 00:02:30.095Z",1.07841,1.07846
"exness","EURUSD","2023-06-09 00:02:30.292Z",1.07839,1.07845
"exness","EURUSD","2023-06-09 00:02:30.303Z",1.0783800000000001,1.07844
"exness","EURUSD","2023-06-09 00:02:30.311Z",1.07836,1.07842
"exness","EURUSD","2023-06-09 00:02:30.417Z",1.07835,1.07841
"exness","EURUSD","2023-06-09 00:02:31.199Z",1.07836,1.07843
"exness","EURUSD","2023-06-09 00:02:31.322Z",1.0783800000000001,1.07844
"exness","EURUSD","2023-06-09 00:02:31.458Z",1.0784,1.07846
"exness","EURUSD","2023-06-09 00:02:39.995Z",1.07841,1.0784799999999999
"exness","EURUSD","2023-06-09 00:02:40.017Z",1.07843,1.07849
"exness","EURUSD","2023-06-09 00:02:42.529Z",1.07845,1.0785
"exness","EURUSD","2023-06-09 00:02:50.869Z",1.07844,1.0785
"exness","EURUSD","2023-06-09 00:02:50.897Z",1.07842,1.07849
"exness","EURUSD","2023-06-09 00:02:55.412Z",1.07844,1.0785
"exness","EURUSD","2023-06-09 00:03:05.423Z",1.07842,1.0784799999999999
"exness","EURUSD","2023-06-09 00:03:07.643Z",1.07841,1.07847
"exness","EURUSD","2023-06-09 00:03:07.656Z",1.07839,1.07845
"exness","EURUSD","2023-06-09 00:03:10.533Z",1.07837,1.07843
"exness","EURUSD","2023-06-09 00:03:10.731Z",1.07835,1.07842
"exness","EURUSD","2023-06-09 00:03:10.809Z",1.07834,1.0784
"exness","EURUSD","2023-06-09 00:03:11.074Z",1.07832,1.07839
"exness","EURUSD","2023-06-09 00:03:12.254Z",1.07831,1.07837
"exness","EURUSD","2023-06-09 00:03:12.270Z",1.07829,1.07835
"exness","EURUSD","2023-06-09 00:03:13.309Z",1.07829,1.07834
"exness","EURUSD","2023-06-09 00:03:16.167Z",1.07828,1.07834
"exness","EURUSD","2023-06-09 00:03:17.394Z",1.07827,1.07833
"exness","EURUSD","2023-06-09 00:03:26.015Z",1.07828,1.07834
"exness","EURUSD","2023-06-09 00:03:29.042Z",1.07827,1.07833
"exness","EURUSD","2023-06-09 00:03:46.287Z",1.07826,1.07832
"exness","EURUSD","2023-06-09 00:03:57.693Z",1.07826,1.07831
"exness","EURUSD","2023-06-09 00:03:59.917Z",1.07826,1.07832
"exness","EURUSD","2023-06-09 00:04:00.752Z",1.07825,1.07831
"exness","EURUSD","2023-06-09 00:04:01.855Z",1.07823,1.07829
"exness","EURUSD","2023-06-09 00:04:09.457Z",1.07821,1.07828
"exness","EURUSD","2023-06-09 00:04:09.480Z",1.0782,1.07826
"exness","EURUSD","2023-06-09 00:04:09.561Z",1.07818,1.07825
"exness","EURUSD","2023-06-09 00:04:13.233Z",1.07817,1.07823
"exness","EURUSD","2023-06-09 00:04:16.879Z",1.07816,1.07822
"exness","EURUSD","2023-06-09 00:04:19.493Z",1.07818,1.07824
"exness","EURUSD","2023-06-09 00:04:48.754Z",1.07816,1.07822
"exness","EURUSD","2023-06-09 00:04:51.919Z",1.07817,1.07823
"exness","EURUSD","2023-06-09 00:04:58.075Z",1.07819,1.07826
"exness","EURUSD","2023-06-09 00:05:06.020Z",1.07821,1.07827
"exness","EURUSD","2023-06-09 00:05:07.614Z",1.07822,1.07828
"exness","EURUSD","2023-06-09 00:05:07.635Z",1.07823,1.07829
"exness","EURUSD","2023-06-09 00:05:07.855Z",1.07825,1.07831
"exness","EURUSD","2023-06-09 00:05:10.267Z",1.07827,1.07833
"exness","EURUSD","2023-06-09 00:05:15.032Z",1.07829,1.07835
"exness","EURUSD","2023-06-09 00:05:16.550Z",1.07827,1.07834
"exness","EURUSD","2023-06-09 00:05:18.420Z",1.07826,1.07831
"exness","EURUSD","2023-06-09 00:05:25.573Z",1.07825,1.07831
"exness","EURUSD","2023-06-09 00:05:25.585Z",1.07823,1.0783
"exness","EURUSD","2023-06-09 00:05:25.599Z",1.07822,1.07828
"exness","EURUSD","2023-06-09 00:05:29.972Z",1.07821,1.07827
"exness","EURUSD","2023-06-09 00:05:42.756Z",1.07819,1.07825
"exness","EURUSD","2023-06-09 00:05:42.789Z",1.07818,1.07824
"exness","EURUSD","2023-06-09 00:05:43.154Z",1.07817,1.07822
"exness","EURUSD","2023-06-09 00:05:57.176Z",1.07817,1.07823
"exness","EURUSD","2023-06-09 00:05:59.347Z",1.07819,1.07825
"exness","EURUSD","2023-06-09 00:05:59.537Z",1.0782,1.07827
"exness","EURUSD","2023-06-09 00:06:01.598Z",1.07822,1.07828
"exness","EURUSD","2023-06-09 00:06:03.839Z",1.07824,1.0783
"exness","EURUSD","2023-06-09 00:06:03.850Z",1.07825,1.07831
"exness","EURUSD","2023-06-09 00:06:03.863Z",1.07827,1.07833
"exness","EURUSD","2023-06-09 00:06:03.877Z",1.07828,1.07835
"exness","EURUSD","2023-06-09 00:06:03.940Z",1.0783,1.07836
"exness","EURUSD","2023-06-09 00:06:04.582Z",1.07832,1.0783800000000001
"exness","EURUSD","2023-06-09 00:06:12.590Z",1.0783,1.07837
"exness","EURUSD","2023-06-09 00:06:13.817Z",1.07829,1.07835
"exness","EURUSD","2023-06-09 00:06:19.786Z",1.0783,1.07836
"exness","EURUSD","2023-06-09 00:06:25.208Z",1.07832,1.0783800000000001
"exness","EURUSD","2023-06-09 00:06:28.596Z",1.07834,1.0784
"exness","EURUSD","2023-06-09 00:06:28.603Z",1.07835,1.07842
"exness","EURUSD","2023-06-09 00:06:28.644Z",1.07837,1.07842
"exness","EURUSD","2023-06-09 00:06:43.132Z",1.07835,1.07842
"exness","EURUSD","2023-06-09 00:06:43.170Z",1.07834,1.0784
"exness","EURUSD","2023-06-09 00:06:44.191Z",1.07832,1.07839
"exness","EURUSD","2023-06-09 00:06:44.686Z",1.07834,1.0784
"exness","EURUSD","2023-06-09 00:06:44.733Z",1.07836,1.07842
"exness","EURUSD","2023-06-09 00:06:44.874Z",1.07837,1.07842
"exness","EURUSD","2023-06-09 00:06:48.217Z",1.0783800000000001,1.07844
"exness","EURUSD","2023-06-09 00:06:48.290Z",1.0784,1.07846
"exness","EURUSD","2023-06-09 00:06:48.407Z",1.0783800000000001,1.07844
"exness","EURUSD","2023-06-09 00:06:49.714Z",1.07837,1.07843
"exness","EURUSD","2023-06-09 00:06:51.567Z",1.07839,1.07845
"exness","EURUSD","2023-06-09 00:06:51.612Z",1.07841,1.07846
"exness","EURUSD","2023-06-09 00:06:52.753Z",1.07841,1.07847
"exness","EURUSD","2023-06-09 00:07:09.589Z",1.0784,1.07846
"exness","EURUSD","2023-06-09 00:07:09.618Z",1.0783800000000001,1.07844
"exness","EURUSD","2023-06-09 00:07:09.633Z",1.07836,1.07843
"exness","EURUSD","2023-06-09 00:07:09.648Z",1.07835,1.07841
"exness","EURUSD","2023-06-09 00:07:09.733Z",1.07833,1.0784
"exness","EURUSD","2023-06-09 00:07:09.817Z",1.07833,1.0783800000000001
"exness","EURUSD","2023-06-09 00:07:10.894Z",1.07831,1.0783800000000001
"exness","EURUSD","2023-06-09 00:07:14.287Z",1.07832,1.07839
"exness","EURUSD","2023-06-09 00:07:19.422Z",1.07831,1.0783800000000001
"exness","EURUSD","2023-06-09 00:07:22.396Z",1.0783,1.07836
"exness","EURUSD","2023-06-09 00:07:36.167Z",1.07828,1.07834
"exness","EURUSD","2023-06-09 00:07:36.336Z",1.07827,1.07832
"exness","EURUSD","2023-06-09 00:07:39.687Z",1.07828,1.07833
"exness","EURUSD","2023-06-09 00:07:41.793Z",1.07827,1.07833
"exness","EURUSD","2023-06-09 00:07:47.477Z",1.07829,1.07836
"exness","EURUSD","2023-06-09 00:07:47.528Z",1.07831,1.0783800000000001
"exness","EURUSD","2023-06-09 00:07:47.883Z",1.07833,1.0783800000000001
"exness","EURUSD","2023-06-09 00:07:49.044Z",1.07832,1.0783800000000001
"exness","EURUSD","2023-06-09 00:08:01.505Z",1.07831,1.07837
"exness","EURUSD","2023-06-09 00:08:03.655Z",1.07832,1.07837
"exness","EURUSD","2023-06-09 00:08:08.595Z",1.07833,1.07839
"exness","EURUSD","2023-06-09 00:08:17.591Z",1.07834,1.0784
"exness","EURUSD","2023-06-09 00:08:26.812Z",1.07836,1.07842
"exness","EURUSD","2023-06-09 00:08:31.431Z",1.0783800000000001,1.07843
"exness","EURUSD","2023-06-09 00:08:40.992Z",1.07839,1.07845
"exness","EURUSD","2023-06-09 00:08:41.061Z",1.0783800000000001,1.07843
"exness","EURUSD","2023-06-09 00:08:42.927Z",1.07837,1.07843
"exness","EURUSD","2023-06-09 00:08:52.117Z",1.0783800000000001,1.07844
"exness","EURUSD","2023-06-09 00:08:54.022Z",1.07837,1.07843
"exness","EURUSD","2023-06-09 00:09:21.671Z",1.07837,1.07842
"exness","EURUSD","2023-06-09 00:09:27.914Z",1.07837,1.07843
"exness","EURUSD","2023-06-09 00:09:30.116Z",1.07839,1.07845
"exness","EURUSD","2023-06-09 00:09:30.178Z",1.0784,1.07847
"exness","EURUSD","2023-06-09 00:09:38.745Z",1.07842,1.07847
"exness","EURUSD","2023-06-09 00:09:52.766Z",1.07842,1.0784799999999999
"exness","EURUSD","2023-06-09 00:10:08.502Z",1.07844,1.0785
"exness","EURUSD","2023-06-09 00:10:08.521Z",1.07846,1.07852
"exness","EURUSD","2023-06-09 00:10:11.518Z",1.07844,1.0785
"exness","EURUSD","2023-06-09 00:10:11.543Z",1.07843,1.07849
"exness","EURUSD","2023-06-09 00:10:11.557Z",1.07841,1.07847
"exness","EURUSD","2023-06-09 00:10:14.605Z",1.0784,1.07846
"exness","EURUSD","2023-06-09 00:10:18.068Z",1.07839,1.07845
"exness","EURUSD","2023-06-09 00:10:23.315Z",1.07837,1.07843
"exness","EURUSD","2023-06-09 00:10:25.668Z",1.07836,1.07842
"exness","EURUSD","2023-06-09 00:10:26.686Z",1.07837,1.07843
"exness","EURUSD","2023-06-09 00:10:26.748Z",1.07839,1.07844
"exness","EURUSD","2023-06-09 00:10:28.779Z",1.07839,1.07846
"exness","EURUSD","2023-06-09 00:10:32.296Z",1.07841,1.07846
"exness","EURUSD","2023-06-09 00:10:32.549Z",1.07839,1.07845
"exness","EURUSD","2023-06-09 00:10:33.699Z",1.0784,1.07847
"exness","EURUSD","2023-06-09 00:10:38.303Z",1.07842,1.0784799999999999
"exness","EURUSD","2023-06-09 00:10:38.502Z",1.07843,1.0785
"exness","EURUSD","2023-06-09 00:10:49.079Z",1.07844,1.07851
"exness","EURUSD","2023-06-09 00:10:49.577Z",1.07847,1.07852
"exness","EURUSD","2023-06-09 00:10:52.033Z",1.0784799999999999,1.07853
"exness","EURUSD","2023-06-09 00:10:54.045Z",1.07846,1.07853
"exness","EURUSD","2023-06-09 00:10:57.192Z",1.0784799999999999,1.07853
"exness","EURUSD","2023-06-09 00:10:58.778Z",1.07846,1.07852
"exness","EURUSD","2023-06-09 00:11:02.367Z",1.07845,1.0785
"exness","EURUSD","2023-06-09 00:11:06.598Z",1.07845,1.07851
"exness","EURUSD","2023-06-09 00:11:11.432Z",1.07846,1.07851
"exness","EURUSD","2023-06-09 00:11:17.815Z",1.07847,1.07852
"exness","EURUSD","2023-06-09 00:11:22.600Z",1.07846,1.07852
"exness","EURUSD","2023-06-09 00:11:40.137Z",1.07843,1.0785
"exness","EURUSD","2023-06-09 00:11:41.034Z",1.07843,1.0784799999999999
"exness","EURUSD","2023-06-09 00:11:48.107Z",1.07841,1.07847
"exness","EURUSD","2023-06-09 00:12:05.994Z",1.07839,1.07846
"exness","EURUSD","2023-06-09 00:12:06.029Z",1.0783800000000001,1.07844
"exness","EURUSD","2023-06-09 00:12:07.418Z",1.07837,1.07843
"exness","EURUSD","2023-06-09 00:12:17.013Z",1.0783800000000001,1.07845
"exness","EURUSD","2023-06-09 00:12:17.046Z",1.0784,1.07846
"exness","EURUSD","2023-06-09 00:12:17.068Z",1.07841,1.0784799999999999
"exness","EURUSD","2023-06-09 00:12:17.108Z",1.07843,1.07849
"exness","EURUSD","2023-06-09 00:12:17.124Z",1.07845,1.07851
"exness","EURUSD","2023-06-09 00:12:17.200Z",1.07846,1.07851
"exness","EURUSD","2023-06-09 00:12:21.227Z",1.07847,1.07853
"exness","EURUSD","2023-06-09 00:12:24.064Z",1.0784799999999999,1.07855
"exness","EURUSD","2023-06-09 00:12:24.178Z",1.07847,1.07853
"exness","EURUSD","2023-06-09 00:12:25.901Z",1.07845,1.07851
"exness","EURUSD","2023-06-09 00:12:25.924Z",1.07843,1.0785
"exness","EURUSD","2023-06-09 00:12:27.098Z",1.07842,1.0784799999999999
"exness","EURUSD","2023-06-09 00:12:28.893Z",1.07843,1.07849
"exness","EURUSD","2023-06-09 00:12:28.904Z",1.07845,1.07851
"exness","EURUSD","2023-06-09 00:12:31.439Z",1.07846,1.07852
"exness","EURUSD","2023-06-09 00:12:50.238Z",1.0784799999999999,1.07854
"exness","EURUSD","2023-06-09 00:12:50.264Z",1.07849,1.07854
"exness","EURUSD","2023-06-09 00:12:50.295Z",1.07847,1.07854
"exness","EURUSD","2023-06-09 00:12:50.328Z",1.07847,1.07852
"exness","EURUSD","2023-06-09 00:12:52.071Z",1.0784799999999999,1.07854
"exness","EURUSD","2023-06-09 00:12:52.152Z",1.07847,1.07852
"exness","EURUSD","2023-06-09 00:12:54.290Z",1.07847,1.07853
"exness","EURUSD","2023-06-09 00:13:06.524Z",1.0784799999999999,1.07854
"exness","EURUSD","2023-06-09 00:13:09.879Z",1.07846,1.07853
"exness","EURUSD","2023-06-09 00:13:09.975Z",1.0784799999999999,1.07854
"exness","EURUSD","2023-06-09 00:13:11.600Z",1.07847,1.07853
"exness","EURUSD","2023-06-09 00:13:20.116Z",1.07846,1.07851
"exness","EURUSD","2023-06-09 00:13:20.129Z",1.07844,1.0785
"exness","EURUSD","2023-06-09 00:13:20.374Z",1.07842,1.07849
"exness","EURUSD","2023-06-09 00:13:24.448Z",1.07841,1.0784799999999999
"exness","EURUSD","2023-06-09 00:13:27.307Z",1.07843,1.07849
"exness","EURUSD","2023-06-09 00:13:27.412Z",1.07844,1.07851
"exness","EURUSD","2023-06-09 00:13:31.098Z",1.07843,1.0784799999999999
"exness","EURUSD","2023-06-09 00:13:31.122Z",1.07842,1.0784799999999999
"exness","EURUSD","2023-06-09 00:13:32.125Z",1.07842,1.07847
"exness","EURUSD","2023-06-09 00:13:32.388Z",1.07842,1.07849
"exness","EURUSD","2023-06-09 00:13:32.395Z",1.07844,1.0785
"exness","EURUSD","2023-06-09 00:13:32.513Z",1.07844,1.07849
"exness","EURUSD","2023-06-09 00:13:34.052Z",1.07845,1.07851
"exness","EURUSD","2023-06-09 00:13:34.076Z",1.07846,1.07852
"exness","EURUSD","2023-06-09 00:13:35.312Z",1.07845,1.07851
"exness","EURUSD","2023-06-09 00:13:38.168Z",1.07847,1.07853
"exness","EURUSD","2023-06-09 00:13:39.208Z",1.07845,1.07852
"exness","EURUSD","2023-06-09 00:13:42.970Z",1.07847,1.07853
"exness","EURUSD","2023-06-09 00:13:44.752Z",1.07845,1.07851
"exness","EURUSD","2023-06-09 00:13:44.763Z",1.07844,1.0785
"exness","EURUSD","2023-06-09 00:13:44.831Z",1.07842,1.0784799999999999
"exness","EURUSD","2023-06-09 00:13:44.964Z",1.07841,1.07846
"exness","EURUSD","2023-06-09 00:13:44.993Z",1.07839,1.07845
"exness","EURUSD","2023-06-09 00:13:45.012Z",1.07837,1.07844
"exness","EURUSD","2023-06-09 00:13:46.523Z",1.07836,1.07842
"exness","EURUSD","2023-06-09 00:13:48.014Z",1.07839,1.07844
"exness","EURUSD","2023-06-09 00:13:48.173Z",1.07837,1.07843
"exness","EURUSD","2023-06-09 00:13:50.197Z",1.07836,1.07842
"exness","EURUSD","2023-06-09 00:13:51.489Z",1.07834,1.07841
"exness","EURUSD","2023-06-09 00:13:51.990Z",1.07833,1.07839
"exness","EURUSD","2023-06-09 00:13:52.925Z",1.07833,1.0783800000000001
"exness","EURUSD","2023-06-09 00:13:55.125Z",1.07831,1.07837
"exness","EURUSD","2023-06-09 00:13:56.301Z",1.07832,1.07839
"exness","EURUSD","2023-06-09 00:13:56.323Z",1.07834,1.0784
"exness","EURUSD","2023-06-09 00:14:00.439Z",1.07833,1.07839
"exness","EURUSD","2023-06-09 00:14:00.514Z",1.07834,1.0784
"exness","EURUSD","2023-06-09 00:14:00.544Z",1.07836,1.07841
"exness","EURUSD","2023-06-09 00:14:00.580Z",1.07836,1.07843
"exness","EURUSD","2023-06-09 00:14:05.619Z",1.0783800000000001,1.07844
"exness","EURUSD","2023-06-09 00:14:11.972Z",1.07836,1.07843
"exness","EURUSD","2023-06-09 00:14:14.456Z",1.07836,1.07841
"exness","EURUSD","2023-06-09 00:14:19.675Z",1.07836,1.07843
"exness","EURUSD","2023-06-09 00:14:32.254Z",1.0783800000000001,1.07844
"exness","EURUSD","2023-06-09 00:14:46.553Z",1.07837,1.07843
"exness","EURUSD","2023-06-09 00:15:04.984Z",1.0783800000000001,1.07843
"exness","EURUSD","2023-06-09 00:15:06.094Z",1.0783800000000001,1.07845
"exness","EURUSD","2023-06-09 00:15:06.129Z",1.0784,1.07846
"exness","EURUSD","2023-06-09 00:15:08.920Z",1.07841,1.0784799999999999
"exness","EURUSD","2023-06-09 00:15:08.993Z",1.07843,1.07849
"exness","EURUSD","2023-06-09 00:15:09.037Z",1.07845,1.07851
"exness","EURUSD","2023-06-09 00:15:10.083Z",1.07846,1.07851
"exness","EURUSD","2023-06-09 00:15:12.905Z",1.07847,1.07853
"exness","EURUSD","2023-06-09 00:15:13.367Z",1.07845,1.07852
"exness","EURUSD","2023-06-09 00:15:13.433Z",1.07845,1.0785
"exness","EURUSD","2023-06-09 00:15:13.443Z",1.07843,1.07849
"exness","EURUSD","2023-06-09 00:15:14.516Z",1.07843,1.0784799999999999
"exness","EURUSD","2023-06-09 00:15:17.623Z",1.07841,1.0784799999999999
"exness","EURUSD","2023-06-09 00:15:19.695Z",1.07843,1.07849
"exness","EURUSD","2023-06-09 00:15:19.714Z",1.07844,1.07849
"exness","EURUSD","2023-06-09 00:15:19.733Z",1.07845,1.07851
"exness","EURUSD","2023-06-09 00:15:23.358Z",1.07843,1.0785
"exness","EURUSD","2023-06-09 00:15:31.911Z",1.07842,1.07847
"exness","EURUSD","2023-06-09 00:15:37.785Z",1.0784,1.07846
"exness","EURUSD","2023-06-09 00:15:37.821Z",1.0783800000000001,1.07845
"exness","EURUSD","2023-06-09 00:15:37.865Z",1.07837,1.07843
"exness","EURUSD","2023-06-09 00:15:38.008Z",1.07837,1.07842
"exness","EURUSD","2023-06-09 00:15:40.342Z",1.07834,1.0784
"exness","EURUSD","2023-06-09 00:15:40.529Z",1.07833,1.0783800000000001
"exness","EURUSD","2023-06-09 00:15:44.082Z",1.07832,1.0783800000000001
"exness","EURUSD","2023-06-09 00:15:56.271Z",1.0783,1.07836
"exness","EURUSD","2023-06-09 00:15:56.296Z",1.07828,1.07835
"exness","EURUSD","2023-06-09 00:15:56.317Z",1.07827,1.07833
"exness","EURUSD","2023-06-09 00:15:57.056Z",1.07827,1.07832
"exness","EURUSD","2023-06-09 00:16:01.227Z",1.07828,1.07833
"exness","EURUSD","2023-06-09 00:16:05.083Z",1.07827,1.07833
"exness","EURUSD","2023-06-09 00:16:07.294Z",1.07828,1.07834
"exness","EURUSD","2023-06-09 00:16:07.375Z",1.0783,1.07836
"exness","EURUSD","2023-06-09 00:16:08.759Z",1.07831,1.07837
"exness","EURUSD","2023-06-09 00:16:19.229Z",1.07829,1.07836
"exness","EURUSD","2023-06-09 00:16:30.138Z",1.07831,1.07836
"exness","EURUSD","2023-06-09 00:16:39.205Z",1.07829,1.07835
"exness","EURUSD","2023-06-09 00:16:44.874Z",1.07828,1.07834
"exness","EURUSD","2023-06-09 00:17:01.897Z",1.0783,1.07835
"exness","EURUSD","2023-06-09 00:17:06.784Z",1.0783,1.07836
"exness","EURUSD","2023-06-09 00:17:09.583Z",1.07831,1.07836
"exness","EURUSD","2023-06-09 00:17:12.106Z",1.07832,1.0783800000000001
"exness","EURUSD","2023-06-09 00:17:12.152Z",1.07834,1.0784
"exness","EURUSD","2023-06-09 00:17:12.214Z",1.07835,1.07842
"exness","EURUSD","2023-06-09 00:17:12.527Z",1.07837,1.07842
"exness","EURUSD","2023-06-09 00:17:16.363Z",1.07837,1.07844
"exness","EURUSD","2023-06-09 00:17:17.890Z",1.07835,1.07842
"exness","EURUSD","2023-06-09 00:17:17.904Z",1.07834,1.0784
"exness","EURUSD","2023-06-09 00:17:17.934Z",1.07832,1.07839
"exness","EURUSD","2023-06-09 00:17:18.060Z",1.07832,1.07837
"exness","EURUSD","2023-06-09 00:17:20.164Z",1.0783,1.07836
"exness","EURUSD","2023-06-09 00:17:21.471Z",1.07829,1.07835
"exness","EURUSD","2023-06-09 00:17:35.508Z",1.07827,1.07834
"exness","EURUSD","2023-06-09 00:17:38.809Z",1.07826,1.07832
"exness","EURUSD","2023-06-09 00:18:04.672Z",1.07825,1.07831
"exness","EURUSD","2023-06-09 00:18:07.659Z",1.07822,1.07829
"exness","EURUSD","2023-06-09 00:18:14.556Z",1.07824,1.07829
"exness","EURUSD","2023-06-09 00:18:16.249Z",1.07824,1.0783
"exness","EURUSD","2023-06-09 00:18:17.356Z",1.07825,1.07831
"exness","EURUSD","2023-06-09 00:18:36.549Z",1.07823,1.0783
"exness","EURUSD","2023-06-09 00:18:37.059Z",1.07822,1.07828
"exness","EURUSD","2023-06-09 00:19:01.450Z",1.07821,1.07826
"exness","EURUSD","2023-06-09 00:19:02.610Z",1.07822,1.07828
"exness","EURUSD","2023-06-09 00:19:04.282Z",1.07823,1.0783
"exness","EURUSD","2023-06-09 00:19:06.446Z",1.07821,1.07828
"exness","EURUSD","2023-06-09 00:19:17.442Z",1.07823,1.07828
"exness","EURUSD","2023-06-09 00:19:27.314Z",1.07821,1.07827
"exness","EURUSD","2023-06-09 00:19:47.202Z",1.07822,1.07828
"exness","EURUSD","2023-06-09 00:19:54.992Z",1.07823,1.07828
"exness","EURUSD","2023-06-09 00:19:56.170Z",1.07822,1.07828
"exness","EURUSD","2023-06-09 00:20:03.748Z",1.07823,1.07828
"exness","EURUSD","2023-06-09 00:20:05.053Z",1.07822,1.07828
"exness","EURUSD","2023-06-09 00:20:25.812Z",1.07824,1.0783
"exness","EURUSD","2023-06-09 00:20:29.531Z",1.07825,1.07831
"exness","EURUSD","2023-06-09 00:20:30.124Z",1.07826,1.07831
"exness","EURUSD","2023-06-09 00:20:55.248Z",1.07824,1.0783
"exness","EURUSD","2023-06-09 00:21:00.843Z",1.07824,1.07829
"exness","EURUSD","2023-06-09 00:21:01.435Z",1.07824,1.0783
"exness","EURUSD","2023-06-09 00:21:03.177Z",1.07825,1.07831
"exness","EURUSD","2023-06-09 00:21:04.575Z",1.07825,1.0783
"exness","EURUSD","2023-06-09 00:21:04.582Z",1.07823,1.07829
"exness","EURUSD","2023-06-09 00:21:12.003Z",1.07822,1.07828
"exness","EURUSD","2023-06-09 00:21:12.888Z",1.07824,1.07829
"exness","EURUSD","2023-06-09 00:21:14.134Z",1.07825,1.0783
"exness","EURUSD","2023-06-09 00:21:14.334Z",1.07825,1.07832
"exness","EURUSD","2023-06-09 00:21:18.291Z",1.07827,1.07832
"exness","EURUSD","2023-06-09 00:21:19.120Z",1.07825,1.07831
"exness","EURUSD","2023-06-09 00:21:20.854Z",1.07824,1.0783
"exness","EURUSD","2023-06-09 00:21:23.139Z",1.07825,1.07831
"exness","EURUSD","2023-06-09 00:21:52.857Z",1.07826,1.07833
"exness","EURUSD","2023-06-09 00:22:00.480Z",1.07829,1.07835
"exness","EURUSD","2023-06-09 00:22:00.530Z",1.0783,1.07836
"exness","EURUSD","2023-06-09 00:22:04.031Z",1.07831,1.0783800000000001
"exness","EURUSD","2023-06-09 00:22:36.883Z",1.07834,1.0784
"exness","EURUSD","2023-06-09 00:22:37.099Z",1.07835,1.07841
"exness","EURUSD","2023-06-09 00:22:37.427Z",1.07837,1.07843
"exness","EURUSD","2023-06-09 00:22:37.727Z",1.0783800000000001,1.07843
"exness","EURUSD","2023-06-09 00:22:37.860Z",1.07837,1.07843
"exness","EURUSD","2023-06-09 00:22:46.127Z",1.07839,1.07845
"exness","EURUSD","2023-06-09 00:22:46.618Z",1.0784,1.07846
"exness","EURUSD","2023-06-09 00:22:47.118Z",1.07841,1.07846
"exness","EURUSD","2023-06-09 00:22:50.325Z",1.07839,1.07845
"exness","EURUSD","2023-06-09 00:22:50.389Z",1.07837,1.07844
"exness","EURUSD","2023-06-09 00:22:59.342Z",1.07837,1.07842
"exness","EURUSD","2023-06-09 00:23:00.354Z",1.07836,1.07842
"exness","EURUSD","2023-06-09 00:23:04.277Z",1.07837,1.07842
"exness","EURUSD","2023-06-09 00:23:11.400Z",1.07836,1.07842
"exness","EURUSD","2023-06-09 00:23:19.484Z",1.07834,1.07841
"exness","EURUSD","2023-06-09 00:23:19.594Z",1.07833,1.07839
"exness","EURUSD","2023-06-09 00:23:20.318Z",1.07833,1.0783800000000001
"exness","EURUSD","2023-06-09 00:23:22.730Z",1.07831,1.0783800000000001
"exness","EURUSD","2023-06-09 00:23:39.420Z",1.07833,1.0783800000000001
"exness","EURUSD","2023-06-09 00:23:53.864Z",1.07833,1.07839
"exness","EURUSD","2023-06-09 00:23:53.966Z",1.07834,1.07841
"exness","EURUSD","2023-06-09 00:23:59.648Z",1.07836,1.07842
"exness","EURUSD","2023-06-09 00:24:01.338Z",1.07839,1.07844
"exness","EURUSD","2023-06-09 00:24:02.560Z",1.07837,1.07844
"exness","EURUSD","2023-06-09 00:24:11.060Z",1.07837,1.07842
"exness","EURUSD","2023-06-09 00:24:15.812Z",1.07836,1.07842
"exness","EURUSD","2023-06-09 00:24:23.993Z",1.07836,1.07841
"exness","EURUSD","2023-06-09 00:24:34.510Z",1.07836,1.07842
"exness","EURUSD","2023-06-09 00:25:01.492Z",1.07834,1.0784
"exness","EURUSD","2023-06-09 00:25:02.415Z",1.07833,1.0783800000000001
"exness","EURUSD","2023-06-09 00:25:02.663Z",1.07831,1.0783800000000001
"exness","EURUSD","2023-06-09 00:25:03.125Z",1.07831,1.07836
"exness","EURUSD","2023-06-09 00:25:03.693Z",1.07831,1.07837
"exness","EURUSD","2023-06-09 00:25:04.696Z",1.07832,1.07837
"exness","EURUSD","2023-06-09 00:25:07.184Z",1.07833,1.07839
"exness","EURUSD","2023-06-09 00:25:20.355Z",1.07835,1.0784
"exness","EURUSD","2023-06-09 00:25:21.339Z",1.07836,1.07842
"exness","EURUSD","2023-06-09 00:25:39.523Z",1.07835,1.0784
"exness","EURUSD","2023-06-09 00:25:41.512Z",1.07833,1.07839
"exness","EURUSD","2023-06-09 00:25:43.401Z",1.07832,1.0783800000000001
"exness","EURUSD","2023-06-09 00:26:25.147Z",1.07833,1.07839
"exness","EURUSD","2023-06-09 00:26:26.251Z",1.07834,1.07841
"exness","EURUSD","2023-06-09 00:26:31.600Z",1.07836,1.07841
"exness","EURUSD","2023-06-09 00:26:34.788Z",1.07836,1.07842
"exness","EURUSD","2023-06-09 00:27:13.191Z",1.07834,1.0784
"exness","EURUSD","2023-06-09 00:27:13.219Z",1.07833,1.07839
"exness","EURUSD","2023-06-09 00:27:13.253Z",1.07834,1.0784
"exness","EURUSD","2023-06-09 00:27:13.472Z",1.07836,1.07841
"exness","EURUSD","2023-06-09 00:27:18.813Z",1.07836,1.07842
"exness","EURUSD","2023-06-09 00:27:31.905Z",1.07833,1.0784
"exness","EURUSD","2023-06-09 00:27:40.340Z",1.07833,1.0783800000000001
"exness","EURUSD","2023-06-09 00:27:41.338Z",1.07831,1.0783800000000001
"exness","EURUSD","2023-06-09 00:27:42.125Z",1.07831,1.07836
"exness","EURUSD","2023-06-09 00:27:42.315Z",1.07832,1.0783800000000001
"exness","EURUSD","2023-06-09 00:27:42.952Z",1.07833,1.07839
"exness","EURUSD","2023-06-09 00:27:51.578Z",1.07832,1.0783800000000001
"exness","EURUSD","2023-06-09 00:27:55.418Z",1.07831,1.07837
"exness","EURUSD","2023-06-09 00:28:27.497Z",1.0783,1.07836
"exness","EURUSD","2023-06-09 00:28:46.079Z",1.07831,1.0783800000000001
"exness","EURUSD","2023-06-09 00:29:12.985Z",1.07833,1.07839
"exness","EURUSD","2023-06-09 00:29:13.032Z",1.07835,1.07841
"exness","EURUSD","2023-06-09 00:29:13.116Z",1.07836,1.07842
"exness","EURUSD","2023-06-09 00:29:17.715Z",1.0783800000000001,1.07844
"exness","EURUSD","2023-06-09 00:29:17.920Z",1.07836,1.07842
"exness","EURUSD","2023-06-09 00:29:43.608Z",1.07834,1.0784
"exness","EURUSD","2023-06-09 00:30:00.042Z",1.07833,1.0783800000000001
"exness","EURUSD","2023-06-09 00:30:02.041Z",1.07832,1.07837
"exness","EURUSD","2023-06-09 00:30:03.258Z",1.0783,1.07837
"exness","EURUSD","2023-06-09 00:30:03.272Z",1.07829,1.07835
"exness","EURUSD","2023-06-09 00:30:06.565Z",1.0783,1.07836
"exness","EURUSD","2023-06-09 00:30:13.116Z",1.07831,1.07837
"exness","EURUSD","2023-06-09 00:30:13.503Z",1.07833,1.07839
"exness","EURUSD","2023-06-09 00:30:13.528Z",1.07834,1.0784
"exness","EURUSD","2023-06-09 00:30:15.189Z",1.07836,1.07841
"exness","EURUSD","2023-06-09 00:30:15.913Z",1.07837,1.07843
"exness","EURUSD","2023-06-09 00:30:18.338Z",1.07839,1.07845
"exness","EURUSD","2023-06-09 00:30:20.380Z",1.0783800000000001,1.07843
"exness","EURUSD","2023-06-09 00:30:21.634Z",1.07837,1.07842
"exness","EURUSD","2023-06-09 00:30:32.754Z",1.07835,1.07841
"exness","EURUSD","2023-06-09 00:30:33.745Z",1.07837,1.07842
"exness","EURUSD","2023-06-09 00:30:39.993Z",1.07836,1.07842
"exness","EURUSD","2023-06-09 00:31:01.944Z",1.07837,1.07842
"exness","EURUSD","2023-06-09 00:31:30.971Z",1.07835,1.07841
"exness","EURUSD","2023-06-09 00:31:30.981Z",1.07833,1.07839
"exness","EURUSD","2023-06-09 00:31:33.816Z",1.07832,1.0783800000000001
"exness","EURUSD","2023-06-09 00:32:05.409Z",1.07834,1.07841
"exness","EURUSD","2023-06-09 00:32:10.126Z",1.07833,1.07839
"exness","EURUSD","2023-06-09 00:32:12.160Z",1.07834,1.07839
"exness","EURUSD","2023-06-09 00:32:14.145Z",1.07834,1.07841
"exness","EURUSD","2023-06-09 00:32:22.753Z",1.07833,1.0783800000000001
"exness","EURUSD","2023-06-09 00:32:22.850Z",1.07831,1.0783800000000001
"exness","EURUSD","2023-06-09 00:32:53.844Z",1.0783,1.07837
"exness","EURUSD","2023-06-09 00:33:03.673Z",1.07833,1.07839
"exness","EURUSD","2023-06-09 00:33:03.744Z",1.07834,1.0784
"exness","EURUSD","2023-06-09 00:33:04.866Z",1.07835,1.0784
"exness","EURUSD","2023-06-09 00:33:12.688Z",1.07834,1.0784
"exness","EURUSD","2023-06-09 00:33:12.825Z",1.07832,1.07839
"exness","EURUSD","2023-06-09 00:33:14.020Z",1.07832,1.07837
"exness","EURUSD","2023-06-09 00:33:30.868Z",1.07831,1.07837
"exness","EURUSD","2023-06-09 00:33:48.739Z",1.0783,1.07836
"exness","EURUSD","2023-06-09 00:33:56.190Z",1.07828,1.07834
"exness","EURUSD","2023-06-09 00:34:07.339Z",1.07828,1.07833
"exness","EURUSD","2023-06-09 00:34:13.359Z",1.07828,1.07834
"exness","EURUSD","2023-06-09 00:34:14.457Z",1.07829,1.07835
"exness","EURUSD","2023-06-09 00:34:31.560Z",1.07831,1.07836
"exness","EURUSD","2023-06-09 00:35:01.080Z",1.07831,1.0783800000000001
"exness","EURUSD","2023-06-09 00:35:01.150Z",1.07833,1.07839
"exness","EURUSD","2023-06-09 00:35:02.406Z",1.07832,1.0783800000000001
"exness","EURUSD","2023-06-09 00:35:03.758Z",1.07832,1.07837
"exness","EURUSD","2023-06-09 00:35:12.879Z",1.0783,1.07836
"exness","EURUSD","2023-06-09 00:35:13.996Z",1.07832,1.0783800000000001
"exness","EURUSD","2023-06-09 00:35:22.689Z",1.07831,1.07837
"exness","EURUSD","2023-06-09 00:35:27.468Z",1.07829,1.07836
"exness","EURUSD","2023-06-09 00:35:29.492Z",1.07831,1.07837
"exness","EURUSD","2023-06-09 00:35:29.511Z",1.07832,1.07839
"exness","EURUSD","2023-06-09 00:35:53.085Z",1.07831,1.07837
"exness","EURUSD","2023-06-09 00:36:04.116Z",1.07833,1.07839
"exness","EURUSD","2023-06-09 00:36:05.476Z",1.07834,1.07841
"exness","EURUSD","2023-06-09 00:36:08.000Z",1.07836,1.07841
"exness","EURUSD","2023-06-09 00:36:23.302Z",1.07837,1.07843
"exness","EURUSD","2023-06-09 00:36:23.340Z",1.07839,1.07845
"exness","EURUSD","2023-06-09 00:36:23.478Z",1.0784,1.07846
"exness","EURUSD","2023-06-09 00:36:24.618Z",1.07842,1.07847
"exness","EURUSD","2023-06-09 00:36:27.416Z",1.07842,1.0784799999999999
"exness","EURUSD","2023-06-09 00:36:33.539Z",1.07844,1.0785
"exness","EURUSD","2023-06-09 00:36:37.241Z",1.07845,1.0785
"exness","EURUSD","2023-06-09 00:36:38.254Z",1.07845,1.07851
"exness","EURUSD","2023-06-09 00:37:03.356Z",1.07844,1.0785
"exness","EURUSD","2023-06-09 00:37:03.534Z",1.07843,1.0784799999999999
"exness","EURUSD","2023-06-09 00:37:09.314Z",1.07842,1.0784799999999999
"exness","EURUSD","2023-06-09 00:37:16.939Z",1.07844,1.0785
"exness","EURUSD","2023-06-09 00:37:21.626Z",1.07844,1.07849
"exness","EURUSD","2023-06-09 00:37:30.349Z",1.07844,1.0785
"exness","EURUSD","2023-06-09 00:37:32.813Z",1.07846,1.07851
"exness","EURUSD","2023-06-09 00:38:26.165Z",1.07846,1.07852
"exness","EURUSD","2023-06-09 00:38:33.598Z",1.07846,1.07851
"exness","EURUSD","2023-06-09 00:38:41.471Z",1.07846,1.07853
"exness","EURUSD","2023-06-09 00:38:45.243Z",1.07846,1.07851
"exness","EURUSD","2023-06-09 00:38:47.655Z",1.07844,1.07851
"exness","EURUSD","2023-06-09 00:39:09.280Z",1.07845,1.07852
"exness","EURUSD","2023-06-09 00:39:09.759Z",1.07847,1.07853
"exness","EURUSD","2023-06-09 00:39:14.245Z",1.0784799999999999,1.07855
"exness","EURUSD","2023-06-09 00:39:14.375Z",1.07847,1.07853
"exness","EURUSD","2023-06-09 00:39:27.472Z",1.07846,1.07852
"exness","EURUSD","2023-06-09 00:39:28.528Z",1.07847,1.07853
"exness","EURUSD","2023-06-09 00:39:31.465Z",1.07846,1.07852
"exness","EURUSD","2023-06-09 00:39:39.545Z",1.07847,1.07854
"exness","EURUSD","2023-06-09 00:39:40.003Z",1.07847,1.07852
"exness","EURUSD","2023-06-09 00:39:42.524Z",1.07847,1.07853
"exness","EURUSD","2023-06-09 00:39:48.800Z",1.0784799999999999,1.07855
"exness","EURUSD","2023-06-09 00:39:48.840Z",1.0784799999999999,1.07853
"exness","EURUSD","2023-06-09 00:39:51.924Z",1.0784799999999999,1.07854
"exness","EURUSD","2023-06-09 00:39:53.314Z",1.07847,1.07853
"exness","EURUSD","2023-06-09 00:39:53.639Z",1.0784799999999999,1.07854
"exness","EURUSD","2023-06-09 00:39:53.711Z",1.0784799999999999,1.07853
"exness","EURUSD","2023-06-09 00:39:56.056Z",1.0784799999999999,1.07854
"exness","EURUSD","2023-06-09 00:39:57.207Z",1.07846,1.07853
"exness","EURUSD","2023-06-09 00:40:12.786Z",1.07846,1.07851
"exness","EURUSD","2023-06-09 00:40:14.706Z",1.07845,1.07851
"exness","EURUSD","2023-06-09 00:40:15.191Z",1.07844,1.07849
"exness","EURUSD","2023-06-09 00:40:18.941Z",1.07845,1.07851
"exness","EURUSD","2023-06-09 00:40:29.109Z",1.07846,1.07851
"exness","EURUSD","2023-06-09 00:40:29.140Z",1.07844,1.07851
"exness","EURUSD","2023-06-09 00:40:29.228Z",1.07844,1.07849
"exness","EURUSD","2023-06-09 00:40:30.001Z",1.07844,1.07851
"exness","EURUSD","2023-06-09 00:40:30.817Z",1.07846,1.07851
"exness","EURUSD","2023-06-09 00:40:47.648Z",1.07844,1.07851
"exness","EURUSD","2023-06-09 00:40:47.930Z",1.07844,1.07849
"exness","EURUSD","2023-06-09 00:41:01.443Z",1.07842,1.07849
"exness","EURUSD","2023-06-09 00:41:06.028Z",1.07842,1.07847
"exness","EURUSD","2023-06-09 00:41:15.701Z",1.0784,1.07846
"exness","EURUSD","2023-06-09 00:41:39.309Z",1.07841,1.07847
"exness","EURUSD","2023-06-09 00:41:41.894Z",1.07842,1.07849
"exness","EURUSD","2023-06-09 00:41:41.916Z",1.07844,1.0785
"exness","EURUSD","2023-06-09 00:41:43.408Z",1.07844,1.07849
"exness","EURUSD","2023-06-09 00:41:46.619Z",1.07843,1.07849
"exness","EURUSD","2023-06-09 00:41:49.961Z",1.07842,1.07847
"exness","EURUSD","2023-06-09 00:42:41.437Z",1.0784,1.07847
"exness","EURUSD","2023-06-09 00:43:13.025Z",1.0783800000000001,1.07845
"exness","EURUSD","2023-06-09 00:43:17.560Z",1.0784,1.07846
"exness","EURUSD","2023-06-09 00:43:18.599Z",1.07841,1.07846
"exness","EURUSD","2023-06-09 00:43:20.923Z",1.07841,1.07847
"exness","EURUSD","2023-06-09 00:43:29.751Z",1.0784,1.07846
"exness","EURUSD","2023-06-09 00:43:31.007Z",1.07839,1.07845
"exness","EURUSD","2023-06-09 00:43:36.082Z",1.07837,1.07842
"exness","EURUSD","2023-06-09 00:43:49.363Z",1.07836,1.07842
"exness","EURUSD","2023-06-09 00:43:50.441Z",1.07834,1.07841
"exness","EURUSD","2023-06-09 00:43:54.116Z",1.07832,1.07839
"exness","EURUSD","2023-06-09 00:43:54.155Z",1.07831,1.07837
"exness","EURUSD","2023-06-09 00:43:54.177Z",1.07829,1.07836
"exness","EURUSD","2023-06-09 00:43:54.240Z",1.07828,1.07834
"exness","EURUSD","2023-06-09 00:43:54.670Z",1.07827,1.07832
"exness","EURUSD","2023-06-09 00:43:57.210Z",1.07826,1.07832
"exness","EURUSD","2023-06-09 00:44:15.307Z",1.07828,1.07834
"exness","EURUSD","2023-06-09 00:44:16.965Z",1.07827,1.07833
"exness","EURUSD","2023-06-09 00:44:22.343Z",1.07826,1.07832
"exness","EURUSD","2023-06-09 00:44:24.529Z",1.07824,1.07831
"exness","EURUSD","2023-06-09 00:44:28.061Z",1.07823,1.07829
"exness","EURUSD","2023-06-09 00:44:31.771Z",1.07823,1.07828
"exness","EURUSD","2023-06-09 00:44:32.819Z",1.07823,1.0783
"exness","EURUSD","2023-06-09 00:44:32.890Z",1.07825,1.0783
"exness","EURUSD","2023-06-09 00:44:47.267Z",1.07825,1.07832
"exness","EURUSD","2023-06-09 00:44:48.069Z",1.07827,1.07832
"exness","EURUSD","2023-06-09 00:44:59.511Z",1.07828,1.07834
"exness","EURUSD","2023-06-09 00:45:08.461Z",1.07828,1.07833
"exness","EURUSD","2023-06-09 00:45:11.209Z",1.07828,1.07834
"exness","EURUSD","2023-06-09 00:45:29.755Z",1.07828,1.07833
"exness","EURUSD","2023-06-09 00:45:49.735Z",1.07829,1.07835
"exness","EURUSD","2023-06-09 00:45:49.849Z",1.07827,1.07833
"exness","EURUSD","2023-06-09 00:46:06.544Z",1.07829,1.07835
"exness","EURUSD","2023-06-09 00:46:07.566Z",1.0783,1.07835
"exness","EURUSD","2023-06-09 00:46:18.393Z",1.07831,1.07837
"exness","EURUSD","2023-06-09 00:46:19.240Z",1.07832,1.07837
"exness","EURUSD","2023-06-09 00:46:54.056Z",1.07832,1.07839
"exness","EURUSD","2023-06-09 00:46:55.143Z",1.07832,1.07837
"exness","EURUSD","2023-06-09 00:46:59.575Z",1.07831,1.0783800000000001
"exness","EURUSD","2023-06-09 00:47:01.200Z",1.0783,1.07836
"exness","EURUSD","2023-06-09 00:47:02.326Z",1.07829,1.07835
"exness","EURUSD","2023-06-09 00:47:11.263Z",1.0783,1.07837
"exness","EURUSD","2023-06-09 00:47:13.221Z",1.07832,1.0783800000000001
"exness","EURUSD","2023-06-09 00:47:13.781Z",1.07834,1.07839
"exness","EURUSD","2023-06-09 00:47:33.792Z",1.07834,1.0784
"exness","EURUSD","2023-06-09 00:47:34.598Z",1.07833,1.0783800000000001
"exness","EURUSD","2023-06-09 00:47:47.639Z",1.07832,1.0783800000000001
"exness","EURUSD","2023-06-09 00:47:56.708Z",1.0783,1.07836
"exness","EURUSD","2023-06-09 00:48:04.939Z",1.07831,1.07837
"exness","EURUSD","2023-06-09 00:48:17.204Z",1.07831,1.07836
"exness","EURUSD","2023-06-09 00:48:26.894Z",1.07831,1.07837
"exness","EURUSD","2023-06-09 00:48:47.484Z",1.07832,1.07839
"exness","EURUSD","2023-06-09 00:48:49.230Z",1.07834,1.07841
"exness","EURUSD","2023-06-09 00:48:52.295Z",1.07836,1.07842
"exness","EURUSD","2023-06-09 00:48:57.500Z",1.07833,1.07839
"exness","EURUSD","2023-06-09 00:49:16.824Z",1.07833,1.0783800000000001
"exness","EURUSD","2023-06-09 00:49:25.401Z",1.07834,1.0784
"exness","EURUSD","2023-06-09 00:49:25.455Z",1.07836,1.07842
"exness","EURUSD","2023-06-09 00:49:27.818Z",1.07837,1.07843
"exness","EURUSD","2023-06-09 00:49:29.319Z",1.07839,1.07844
"exness","EURUSD","2023-06-09 00:49:49.241Z",1.0784,1.07847
"exness","EURUSD","2023-06-09 00:49:49.954Z",1.07842,1.07847
"exness","EURUSD","2023-06-09 00:49:51.234Z",1.07843,1.0784799999999999
"exness","EURUSD","2023-06-09 00:49:52.484Z",1.07842,1.0784799999999999
"exness","EURUSD","2023-06-09 00:49:53.322Z",1.07843,1.0784799999999999
"exness","EURUSD","2023-06-09 00:49:55.424Z",1.07842,1.0784799999999999
"exness","EURUSD","2023-06-09 00:50:03.860Z",1.0784,1.07847
"exness","EURUSD","2023-06-09 00:50:09.241Z",1.07842,1.07849
"exness","EURUSD","2023-06-09 00:50:14.242Z",1.07841,1.07847
"exness","EURUSD","2023-06-09 00:50:25.306Z",1.07842,1.07847
"exness","EURUSD","2023-06-09 00:50:26.044Z",1.07842,1.07849
"exness","EURUSD","2023-06-09 00:50:28.103Z",1.07844,1.0785
"exness","EURUSD","2023-06-09 00:50:29.217Z",1.07845,1.0785
"exness","EURUSD","2023-06-09 00:50:33.856Z",1.07845,1.07852
"exness","EURUSD","2023-06-09 00:51:09.044Z",1.07843,1.07849
"exness","EURUSD","2023-06-09 00:51:10.295Z",1.07841,1.0784799999999999
"exness","EURUSD","2023-06-09 00:51:20.888Z",1.07843,1.07849
"exness","EURUSD","2023-06-09 00:51:23.239Z",1.07845,1.07851
"exness","EURUSD","2023-06-09 00:51:24.256Z",1.07846,1.07851
"exness","EURUSD","2023-06-09 00:51:40.211Z",1.07844,1.0785
"exness","EURUSD","2023-06-09 00:51:41.453Z",1.07844,1.07849
"exness","EURUSD","2023-06-09 00:51:42.328Z",1.07842,1.0784799999999999
"exness","EURUSD","2023-06-09 00:51:47.883Z",1.07843,1.0784799999999999
"exness","EURUSD","2023-06-09 00:51:49.239Z",1.07845,1.07851
"exness","EURUSD","2023-06-09 00:51:50.114Z",1.07846,1.07851
"exness","EURUSD","2023-06-09 00:51:52.532Z",1.07846,1.07852
"exness","EURUSD","2023-06-09 00:51:54.444Z",1.07847,1.07854
"exness","EURUSD","2023-06-09 00:51:56.901Z",1.07847,1.07852
"exness","EURUSD","2023-06-09 00:52:05.136Z",1.07845,1.07851
"exness","EURUSD","2023-06-09 00:52:09.623Z",1.07845,1.0785
"exness","EURUSD","2023-06-09 00:52:09.924Z",1.07843,1.07849
"exness","EURUSD","2023-06-09 00:52:10.380Z",1.07843,1.0784799999999999
"exness","EURUSD","2023-06-09 00:52:24.222Z",1.07841,1.07847
"exness","EURUSD","2023-06-09 00:52:26.088Z",1.07842,1.0784799999999999
"exness","EURUSD","2023-06-09 00:52:28.765Z",1.07841,1.07847
"exness","EURUSD","2023-06-09 00:52:29.711Z",1.07842,1.07847
"exness","EURUSD","2023-06-09 00:52:34.375Z",1.07841,1.07847
"exness","EURUSD","2023-06-09 00:52:35.486Z",1.07839,1.07846
"exness","EURUSD","2023-06-09 00:52:45.467Z",1.07841,1.07847
"exness","EURUSD","2023-06-09 00:52:47.311Z",1.07843,1.0784799999999999
"exness","EURUSD","2023-06-09 00:52:50.687Z",1.0784,1.07847
"exness","EURUSD","2023-06-09 00:52:57.082Z",1.07839,1.07845
"exness","EURUSD","2023-06-09 00:52:57.648Z",1.07837,1.07844
"exness","EURUSD","2023-06-09 00:53:00.206Z",1.07836,1.07843
"exness","EURUSD","2023-06-09 00:53:03.697Z",1.07835,1.07842
"exness","EURUSD","2023-06-09 00:53:03.760Z",1.07834,1.0784
"exness","EURUSD","2023-06-09 00:53:05.047Z",1.07833,1.07839
"exness","EURUSD","2023-06-09 00:53:14.067Z",1.07832,1.0783800000000001
"exness","EURUSD","2023-06-09 00:53:14.201Z",1.0783,1.07836
"exness","EURUSD","2023-06-09 00:53:20.527Z",1.07827,1.07834
"exness","EURUSD","2023-06-09 00:53:20.915Z",1.07827,1.07832
"exness","EURUSD","2023-06-09 00:53:24.225Z",1.07828,1.07834
"exness","EURUSD","2023-06-09 00:53:36.020Z",1.07827,1.07833
"exness","EURUSD","2023-06-09 00:53:40.373Z",1.07825,1.07831
"exness","EURUSD","2023-06-09 00:53:42.225Z",1.07824,1.0783
"exness","EURUSD","2023-06-09 00:53:43.378Z",1.07825,1.07831
"exness","EURUSD","2023-06-09 00:53:44.154Z",1.07827,1.07832
"exness","EURUSD","2023-06-09 00:53:44.946Z",1.07827,1.07834
"exness","EURUSD","2023-06-09 00:53:50.437Z",1.07829,1.07835
"exness","EURUSD","2023-06-09 00:53:50.906Z",1.07828,1.07834
"exness","EURUSD","2023-06-09 00:53:50.913Z",1.07826,1.07832
"exness","EURUSD","2023-06-09 00:53:50.936Z",1.07826,1.07831
"exness","EURUSD","2023-06-09 00:53:51.481Z",1.07824,1.0783
"exness","EURUSD","2023-06-09 00:53:51.674Z",1.07823,1.07829
"exness","EURUSD","2023-06-09 00:54:00.303Z",1.07824,1.0783
"exness","EURUSD","2023-06-09 00:54:01.689Z",1.07826,1.07832
"exness","EURUSD","2023-06-09 00:54:01.813Z",1.07828,1.07833
"exness","EURUSD","2023-06-09 00:54:08.844Z",1.07826,1.07833
"exness","EURUSD","2023-06-09 00:54:14.916Z",1.07828,1.07835
"exness","EURUSD","2023-06-09 00:54:16.617Z",1.0783,1.07835
"exness","EURUSD","2023-06-09 00:54:19.596Z",1.07827,1.07834
"exness","EURUSD","2023-06-09 00:54:27.380Z",1.07825,1.07832
"exness","EURUSD","2023-06-09 00:54:29.945Z",1.07827,1.07833
"exness","EURUSD","2023-06-09 00:54:31.687Z",1.07826,1.07832
"exness","EURUSD","2023-06-09 00:54:34.597Z",1.07824,1.0783
"exness","EURUSD","2023-06-09 00:54:36.415Z",1.07823,1.07828
"exness","EURUSD","2023-06-09 00:54:39.066Z",1.07821,1.07827
"exness","EURUSD","2023-06-09 00:54:47.065Z",1.07819,1.07825
"exness","EURUSD","2023-06-09 00:54:47.256Z",1.07817,1.07824
"exness","EURUSD","2023-06-09 00:54:47.557Z",1.07817,1.07822
"exness","EURUSD","2023-06-09 00:54:48.494Z",1.07815,1.07821
"exness","EURUSD","2023-06-09 00:54:48.522Z",1.07813,1.0782
"exness","EURUSD","2023-06-09 00:54:51.112Z",1.07813,1.07818
"exness","EURUSD","2023-06-09 00:54:51.132Z",1.07813,1.0782
"exness","EURUSD","2023-06-09 00:54:53.565Z",1.07815,1.07821
"exness","EURUSD","2023-06-09 00:54:56.177Z",1.07817,1.07822
"exness","EURUSD","2023-06-09 00:54:59.135Z",1.07818,1.07824
"exness","EURUSD","2023-06-09 00:54:59.157Z",1.0782,1.07825
"exness","EURUSD","2023-06-09 00:54:59.203Z",1.07818,1.07824
"exness","EURUSD","2023-06-09 00:54:59.718Z",1.07817,1.07823
"exness","EURUSD","2023-06-09 00:55:00.289Z",1.07818,1.07824
"exness","EURUSD","2023-06-09 00:55:00.328Z",1.0782,1.07826
"exness","EURUSD","2023-06-09 00:55:00.435Z",1.07822,1.07828
"exness","EURUSD","2023-06-09 00:55:00.445Z",1.07823,1.07829
"exness","EURUSD","2023-06-09 00:55:00.582Z",1.07823,1.07828
"exness","EURUSD","2023-06-09 00:55:01.826Z",1.07824,1.0783
"exness","EURUSD","2023-06-09 00:55:03.300Z",1.07825,1.07831
"exness","EURUSD","2023-06-09 00:55:03.627Z",1.07823,1.07829
"exness","EURUSD","2023-06-09 00:55:03.637Z",1.07821,1.07828
"exness","EURUSD","2023-06-09 00:55:10.506Z",1.0782,1.07826
"exness","EURUSD","2023-06-09 00:55:11.614Z",1.07819,1.07825
"exness","EURUSD","2023-06-09 00:55:13.812Z",1.07818,1.07824
"exness","EURUSD","2023-06-09 00:55:23.952Z",1.07819,1.07824
"exness","EURUSD","2023-06-09 00:55:30.947Z",1.07821,1.07827
"exness","EURUSD","2023-06-09 00:55:36.381Z",1.07823,1.07829
"exness","EURUSD","2023-06-09 00:55:36.393Z",1.07824,1.07831
"exness","EURUSD","2023-06-09 00:55:36.455Z",1.07826,1.07832
"exness","EURUSD","2023-06-09 00:55:36.783Z",1.07827,1.07832
"exness","EURUSD","2023-06-09 00:55:38.338Z",1.07828,1.07835
"exness","EURUSD","2023-06-09 00:55:40.121Z",1.07831,1.07837
"exness","EURUSD","2023-06-09 00:55:51.638Z",1.07829,1.07835
"exness","EURUSD","2023-06-09 00:56:00.404Z",1.07831,1.07837
"exness","EURUSD","2023-06-09 00:56:04.625Z",1.07831,1.07836
"exness","EURUSD","2023-06-09 00:56:18.561Z",1.07831,1.0783800000000001
"exness","EURUSD","2023-06-09 00:56:19.263Z",1.07833,1.07839
"exness","EURUSD","2023-06-09 00:56:20.251Z",1.07834,1.07839
"exness","EURUSD","2023-06-09 00:56:22.519Z",1.07832,1.0783800000000001
"exness","EURUSD","2023-06-09 00:56:26.069Z",1.07833,1.0783800000000001
"exness","EURUSD","2023-06-09 00:56:27.848Z",1.07832,1.0783800000000001
"exness","EURUSD","2023-06-09 00:56:28.348Z",1.07831,1.07836
"exness","EURUSD","2023-06-09 00:56:39.850Z",1.07829,1.07835
"exness","EURUSD","2023-06-09 00:56:40.171Z",1.07827,1.07834
"exness","EURUSD","2023-06-09 00:56:40.226Z",1.07826,1.07832
"exness","EURUSD","2023-06-09 00:56:40.276Z",1.07824,1.0783
"exness","EURUSD","2023-06-09 00:56:40.353Z",1.07822,1.07828
"exness","EURUSD","2023-06-09 00:56:41.615Z",1.07822,1.07827
"exness","EURUSD","2023-06-09 00:56:42.633Z",1.0782,1.07827
"exness","EURUSD","2023-06-09 00:56:44.431Z",1.07823,1.07829
"exness","EURUSD","2023-06-09 00:56:51.169Z",1.07821,1.07827
"exness","EURUSD","2023-06-09 00:57:03.275Z",1.07822,1.07829
"exness","EURUSD","2023-06-09 00:57:03.962Z",1.07824,1.07829
"exness","EURUSD","2023-06-09 00:57:07.026Z",1.07823,1.07828
"exness","EURUSD","2023-06-09 00:57:11.377Z",1.07821,1.07827
"exness","EURUSD","2023-06-09 00:57:11.432Z",1.07819,1.07825
"exness","EURUSD","2023-06-09 00:57:11.456Z",1.07817,1.07824
"exness","EURUSD","2023-06-09 00:57:11.484Z",1.07815,1.07822
"exness","EURUSD","2023-06-09 00:57:11.524Z",1.07814,1.0782
"exness","EURUSD","2023-06-09 00:57:16.351Z",1.07814,1.07819
"exness","EURUSD","2023-06-09 00:57:17.602Z",1.07814,1.0782
"exness","EURUSD","2023-06-09 00:57:20.297Z",1.07816,1.07822
"exness","EURUSD","2023-06-09 00:57:21.628Z",1.07817,1.07823
"exness","EURUSD","2023-06-09 00:57:25.542Z",1.07815,1.07821
"exness","EURUSD","2023-06-09 00:57:26.705Z",1.07816,1.07823
"exness","EURUSD","2023-06-09 00:57:28.978Z",1.07817,1.07822
"exness","EURUSD","2023-06-09 00:57:41.260Z",1.07817,1.07824
"exness","EURUSD","2023-06-09 00:57:57.553Z",1.07816,1.07823
"exness","EURUSD","2023-06-09 00:58:07.277Z",1.07815,1.07821
"exness","EURUSD","2023-06-09 00:58:19.445Z",1.07817,1.07823
"exness","EURUSD","2023-06-09 00:58:21.918Z",1.07816,1.07822
"exness","EURUSD","2023-06-09 00:58:26.647Z",1.07814,1.0782
"exness","EURUSD","2023-06-09 00:58:26.732Z",1.07813,1.07819
"exness","EURUSD","2023-06-09 00:58:33.911Z",1.07814,1.0782
"exness","EURUSD","2023-06-09 00:58:40.066Z",1.07816,1.07821
"exness","EURUSD","2023-06-09 00:58:41.443Z",1.07817,1.07823
"exness","EURUSD","2023-06-09 00:58:46.245Z",1.07818,1.07823
"exness","EURUSD","2023-06-09 00:58:46.460Z",1.07819,1.07825
"exness","EURUSD","2023-06-09 00:58:46.857Z",1.0782,1.07825
"exness","EURUSD","2023-06-09 00:58:47.007Z",1.07818,1.07825
"exness","EURUSD","2023-06-09 00:58:47.171Z",1.0782,1.07826
"exness","EURUSD","2023-06-09 00:58:48.872Z",1.07821,1.07826
"exness","EURUSD","2023-06-09 00:58:52.326Z",1.07818,1.07825
"exness","EURUSD","2023-06-09 00:58:53.359Z",1.07817,1.07824
"exness","EURUSD","2023-06-09 00:59:00.624Z",1.07815,1.07821
"exness","EURUSD","2023-06-09 00:59:00.821Z",1.07813,1.07819
"exness","EURUSD","2023-06-09 00:59:02.042Z",1.07815,1.0782
"exness","EURUSD","2023-06-09 00:59:02.163Z",1.07815,1.07821
"exness","EURUSD","2023-06-09 00:59:03.250Z",1.07816,1.07822
"exness","EURUSD","2023-06-09 00:59:03.392Z",1.07818,1.07824
"exness","EURUSD","2023-06-09 00:59:03.531Z",1.0782,1.07825
"exness","EURUSD","2023-06-09 00:59:04.289Z",1.0782,1.07826
"exness","EURUSD","2023-06-09 00:59:07.528Z",1.07819,1.07824
"exness","EURUSD","2023-06-09 00:59:11.478Z",1.07816,1.07823
"exness","EURUSD","2023-06-09 00:59:20.567Z",1.07818,1.07823
"exness","EURUSD","2023-06-09 00:59:22.276Z",1.07819,1.07825
"exness","EURUSD","2023-06-09 00:59:22.969Z",1.0782,1.07826
"exness","EURUSD","2023-06-09 00:59:24.395Z",1.07822,1.07828
"exness","EURUSD","2023-06-09 00:59:25.419Z",1.07824,1.07829
"exness","EURUSD","2023-06-09 00:59:38.303Z",1.07821,1.07828
"exness","EURUSD","2023-06-09 00:59:38.698Z",1.0782,1.07826
"exness","EURUSD","2023-06-09 00:59:39.289Z",1.07821,1.07828
"exness","EURUSD","2023-06-09 00:59:40.500Z",1.07823,1.07828
"exness","EURUSD","2023-06-09 00:59:51.437Z",1.07821,1.07827
"exness","EURUSD","2023-06-09 00:59:51.466Z",1.07819,1.07826
"exness","EURUSD","2023-06-09 00:59:51.574Z",1.07818,1.07824
"exness","EURUSD","2023-06-09 00:59:59.448Z",1.07817,1.07823
"exness","EURUSD","2023-06-09 01:00:02.086Z",1.07819,1.07825
"exness","EURUSD","2023-06-09 01:00:02.495Z",1.07817,1.07823
"exness","EURUSD","2023-06-09 01:00:07.932Z",1.07818,1.07825
"exness","EURUSD","2023-06-09 01:00:07.975Z",1.0782,1.07826
"exness","EURUSD","2023-06-09 01:00:08.456Z",1.07821,1.07826
"exness","EURUSD","2023-06-09 01:00:08.470Z",1.07822,1.07828
"exness","EURUSD","2023-06-09 01:00:08.561Z",1.07823,1.07829
"exness","EURUSD","2023-06-09 01:00:10.048Z",1.07824,1.07831
"exness","EURUSD","2023-06-09 01:00:10.650Z",1.07824,1.07829
"exness","EURUSD","2023-06-09 01:00:12.934Z",1.07824,1.0783
"exness","EURUSD","2023-06-09 01:00:19.917Z",1.07824,1.07829
"exness","EURUSD","2023-06-09 01:00:21.025Z",1.07824,1.0783
"exness","EURUSD","2023-06-09 01:00:30.433Z",1.07822,1.07829
"exness","EURUSD","2023-06-09 01:00:30.536Z",1.07822,1.07827
"exness","EURUSD","2023-06-09 01:00:31.531Z",1.0782,1.07827
"exness","EURUSD","2023-06-09 01:00:34.147Z",1.07818,1.07825
"exness","EURUSD","2023-06-09 01:00:40.403Z",1.0782,1.07826
"exness","EURUSD","2023-06-09 01:00:43.284Z",1.07822,1.07828
"exness","EURUSD","2023-06-09 01:00:45.353Z",1.07821,1.07826
"exness","EURUSD","2023-06-09 01:00:48.462Z",1.0782,1.07826
"exness","EURUSD","2023-06-09 01:00:48.485Z",1.07818,1.07824
"exness","EURUSD","2023-06-09 01:00:52.037Z",1.0782,1.07825
"exness","EURUSD","2023-06-09 01:00:53.125Z",1.0782,1.07826
"exness","EURUSD","2023-06-09 01:01:05.522Z",1.07818,1.07824
"exness","EURUSD","2023-06-09 01:01:10.616Z",1.07819,1.07825
"exness","EURUSD","2023-06-09 01:01:20.001Z",1.07818,1.07824
"exness","EURUSD","2023-06-09 01:01:28.530Z",1.07818,1.07823
"exness","EURUSD","2023-06-09 01:01:31.948Z",1.07817,1.07823
"exness","EURUSD","2023-06-09 01:01:33.470Z",1.07818,1.07824
"exness","EURUSD","2023-06-09 01:01:33.493Z",1.0782,1.07826
"exness","EURUSD","2023-06-09 01:01:34.294Z",1.07821,1.07826
"exness","EURUSD","2023-06-09 01:01:42.227Z",1.07822,1.07829
"exness","EURUSD","2023-06-09 01:01:42.268Z",1.07824,1.0783
"exness","EURUSD","2023-06-09 01:01:43.133Z",1.07826,1.07831
"exness","EURUSD","2023-06-09 01:01:48.514Z",1.07825,1.07831
"exness","EURUSD","2023-06-09 01:02:06.194Z",1.07824,1.07829
"exness","EURUSD","2023-06-09 01:02:09.860Z",1.07825,1.07831
"exness","EURUSD","2023-06-09 01:02:11.974Z",1.07826,1.07832
"exness","EURUSD","2023-06-09 01:02:27.074Z",1.07826,1.07831
"exness","EURUSD","2023-06-09 01:02:56.636Z",1.07826,1.07833
"exness","EURUSD","2023-06-09 01:03:04.315Z",1.07828,1.07834
"exness","EURUSD","2023-06-09 01:03:04.481Z",1.0783,1.07835
"exness","EURUSD","2023-06-09 01:03:04.537Z",1.0783,1.07836
"exness","EURUSD","2023-06-09 01:03:05.658Z",1.07831,1.07836
"exness","EURUSD","2023-06-09 01:03:09.483Z",1.07831,1.07837
"exness","EURUSD","2023-06-09 01:03:11.585Z",1.0783,1.07836
"exness","EURUSD","2023-06-09 01:03:11.619Z",1.07828,1.07835
"exness","EURUSD","2023-06-09 01:03:11.644Z",1.07827,1.07833
"exness","EURUSD","2023-06-09 01:03:15.162Z",1.07829,1.07835
"exness","EURUSD","2023-06-09 01:03:18.356Z",1.0783,1.07837
"exness","EURUSD","2023-06-09 01:03:19.815Z",1.07832,1.07837
"exness","EURUSD","2023-06-09 01:03:20.817Z",1.07832,1.0783800000000001
"exness","EURUSD","2023-06-09 01:03:30.694Z",1.07832,1.07837
"exness","EURUSD","2023-06-09 01:03:43.260Z",1.07832,1.0783800000000001
"exness","EURUSD","2023-06-09 01:03:44.296Z",1.07833,1.07839
"exness","EURUSD","2023-06-09 01:03:51.540Z",1.07832,1.07837
"exness","EURUSD","2023-06-09 01:03:57.665Z",1.07833,1.07839
"exness","EURUSD","2023-06-09 01:04:01.297Z",1.07832,1.07837
"exness","EURUSD","2023-06-09 01:04:09.735Z",1.07833,1.07839
"exness","EURUSD","2023-06-09 01:04:10.419Z",1.07835,1.07841
"exness","EURUSD","2023-06-09 01:04:13.374Z",1.07836,1.07841
"exness","EURUSD","2023-06-09 01:04:20.276Z",1.07836,1.07843
"exness","EURUSD","2023-06-09 01:04:24.607Z",1.07835,1.07841
"exness","EURUSD","2023-06-09 01:04:24.661Z",1.07833,1.0784
"exness","EURUSD","2023-06-09 01:04:24.706Z",1.07835,1.07841
"exness","EURUSD","2023-06-09 01:04:24.750Z",1.07837,1.07842
"exness","EURUSD","2023-06-09 01:04:28.399Z",1.07835,1.07841
"exness","EURUSD","2023-06-09 01:04:28.612Z",1.07833,1.07839
"exness","EURUSD","2023-06-09 01:04:29.271Z",1.07833,1.0783800000000001
"exness","EURUSD","2023-06-09 01:04:35.070Z",1.07831,1.07837
"exness","EURUSD","2023-06-09 01:04:50.700Z",1.07832,1.0783800000000001
"exness","EURUSD","2023-06-09 01:04:54.310Z",1.07834,1.0784
"exness","EURUSD","2023-06-09 01:04:56.046Z",1.07835,1.07842
"exness","EURUSD","2023-06-09 01:05:02.192Z",1.07834,1.0784
"exness","EURUSD","2023-06-09 01:05:02.430Z",1.07833,1.07839
"exness","EURUSD","2023-06-09 01:05:04.184Z",1.07832,1.07837
"exness","EURUSD","2023-06-09 01:05:07.976Z",1.07831,1.07837
"exness","EURUSD","2023-06-09 01:05:08.285Z",1.07829,1.07836
"exness","EURUSD","2023-06-09 01:05:17.172Z",1.07827,1.07833
"exness","EURUSD","2023-06-09 01:05:17.183Z",1.07826,1.07832
"exness","EURUSD","2023-06-09 01:05:17.196Z",1.07824,1.0783
"exness","EURUSD","2023-06-09 01:05:17.220Z",1.07823,1.07829
"exness","EURUSD","2023-06-09 01:05:18.290Z",1.07821,1.07827
"exness","EURUSD","2023-06-09 01:05:18.341Z",1.0782,1.07825
"exness","EURUSD","2023-06-09 01:05:24.210Z",1.07818,1.07824
"exness","EURUSD","2023-06-09 01:05:42.434Z",1.07819,1.07826
"exness","EURUSD","2023-06-09 01:05:42.776Z",1.07821,1.07826
"exness","EURUSD","2023-06-09 01:05:44.246Z",1.07821,1.07827
"exness","EURUSD","2023-06-09 01:05:49.715Z",1.07823,1.07828
"exness","EURUSD","2023-06-09 01:05:53.468Z",1.07821,1.07827
"exness","EURUSD","2023-06-09 01:05:59.838Z",1.0782,1.07826
"exness","EURUSD","2023-06-09 01:06:03.255Z",1.07818,1.07824
"exness","EURUSD","2023-06-09 01:06:03.284Z",1.07817,1.07823
"exness","EURUSD","2023-06-09 01:06:03.640Z",1.07815,1.07821
"exness","EURUSD","2023-06-09 01:06:03.654Z",1.07814,1.0782
"exness","EURUSD","2023-06-09 01:06:07.414Z",1.07815,1.07822
"exness","EURUSD","2023-06-09 01:06:07.569Z",1.07817,1.07823
"exness","EURUSD","2023-06-09 01:06:07.602Z",1.07819,1.07825
"exness","EURUSD","2023-06-09 01:06:07.656Z",1.0782,1.07826
"exness","EURUSD","2023-06-09 01:06:08.398Z",1.07821,1.07826
"exness","EURUSD","2023-06-09 01:06:11.141Z",1.07822,1.07828
"exness","EURUSD","2023-06-09 01:06:11.169Z",1.0782,1.07827
"exness","EURUSD","2023-06-09 01:06:11.204Z",1.07819,1.07825
"exness","EURUSD","2023-06-09 01:06:11.229Z",1.07819,1.07824
"exness","EURUSD","2023-06-09 01:06:11.319Z",1.07819,1.07825
"exness","EURUSD","2023-06-09 01:06:11.475Z",1.0782,1.07825
"exness","EURUSD","2023-06-09 01:06:11.489Z",1.07819,1.07825
"exness","EURUSD","2023-06-09 01:06:15.961Z",1.07818,1.07824
"exness","EURUSD","2023-06-09 01:06:20.188Z",1.07816,1.07823
"exness","EURUSD","2023-06-09 01:06:42.392Z",1.07815,1.07822
"exness","EURUSD","2023-06-09 01:06:42.449Z",1.07815,1.0782
"exness","EURUSD","2023-06-09 01:06:51.993Z",1.07815,1.07821
"exness","EURUSD","2023-06-09 01:06:54.113Z",1.07816,1.07822
"exness","EURUSD","2023-06-09 01:06:54.133Z",1.07818,1.07824
"exness","EURUSD","2023-06-09 01:06:55.047Z",1.07819,1.07825
"exness","EURUSD","2023-06-09 01:06:56.113Z",1.0782,1.07825
"exness","EURUSD","2023-06-09 01:06:56.734Z",1.07821,1.07827
"exness","EURUSD","2023-06-09 01:07:00.035Z",1.07819,1.07826
"exness","EURUSD","2023-06-09 01:07:03.046Z",1.07821,1.07827
"exness","EURUSD","2023-06-09 01:07:04.045Z",1.07819,1.07825
"exness","EURUSD","2023-06-09 01:07:08.834Z",1.07821,1.07826
"exness","EURUSD","2023-06-09 01:07:09.534Z",1.07822,1.07828
"exness","EURUSD","2023-06-09 01:07:10.286Z",1.07824,1.07829
"exness","EURUSD","2023-06-09 01:07:11.203Z",1.07822,1.07828
"exness","EURUSD","2023-06-09 01:07:22.367Z",1.0782,1.07826
"exness","EURUSD","2023-06-09 01:07:22.381Z",1.07818,1.07825
"exness","EURUSD","2023-06-09 01:07:25.563Z",1.07819,1.07826
"exness","EURUSD","2023-06-09 01:07:27.801Z",1.07821,1.07827
"exness","EURUSD","2023-06-09 01:07:29.292Z",1.07822,1.07827
"exness","EURUSD","2023-06-09 01:07:31.036Z",1.07822,1.07829
"exness","EURUSD","2023-06-09 01:07:31.052Z",1.07824,1.0783
"exness","EURUSD","2023-06-09 01:07:31.146Z",1.07826,1.07832
"exness","EURUSD","2023-06-09 01:07:31.161Z",1.07827,1.07833
"exness","EURUSD","2023-06-09 01:07:31.194Z",1.07829,1.07835
"exness","EURUSD","2023-06-09 01:07:31.393Z",1.0783,1.07836
"exness","EURUSD","2023-06-09 01:07:31.433Z",1.07832,1.07837
"exness","EURUSD","2023-06-09 01:07:38.926Z",1.07833,1.07839
"exness","EURUSD","2023-06-09 01:07:39.295Z",1.07834,1.07839
"exness","EURUSD","2023-06-09 01:07:41.512Z",1.07832,1.07839
"exness","EURUSD","2023-06-09 01:07:43.889Z",1.07832,1.07837
"exness","EURUSD","2023-06-09 01:07:52.730Z",1.07833,1.07839
"exness","EURUSD","2023-06-09 01:07:53.298Z",1.07834,1.0784
"exness","EURUSD","2023-06-09 01:07:53.330Z",1.07836,1.07842
"exness","EURUSD","2023-06-09 01:07:57.720Z",1.07837,1.07842
"exness","EURUSD","2023-06-09 01:07:59.525Z",1.07837,1.07844
"exness","EURUSD","2023-06-09 01:08:01.460Z",1.07839,1.07844
"exness","EURUSD","2023-06-09 01:08:05.838Z",1.0783800000000001,1.07844
"exness","EURUSD","2023-06-09 01:08:07.934Z",1.07837,1.07842
"exness","EURUSD","2023-06-09 01:08:09.841Z",1.07835,1.07842
"exness","EURUSD","2023-06-09 01:08:09.960Z",1.07834,1.0784
"exness","EURUSD","2023-06-09 01:08:12.832Z",1.07832,1.0783800000000001
"exness","EURUSD","2023-06-09 01:08:13.926Z",1.07832,1.07837
"exness","EURUSD","2023-06-09 01:08:15.237Z",1.07831,1.07837
"exness","EURUSD","2023-06-09 01:08:22.650Z",1.07829,1.07835
"exness","EURUSD","2023-06-09 01:08:28.565Z",1.07829,1.07834
"exness","EURUSD","2023-06-09 01:08:31.381Z",1.07829,1.07836
"exness","EURUSD","2023-06-09 01:08:32.380Z",1.07831,1.07837
"exness","EURUSD","2023-06-09 01:08:43.478Z",1.07829,1.07836
"exness","EURUSD","2023-06-09 01:08:49.305Z",1.07828,1.07835
"exness","EURUSD","2023-06-09 01:09:09.994Z",1.07826,1.07833
"exness","EURUSD","2023-06-09 01:09:10.013Z",1.07825,1.07831
"exness","EURUSD","2023-06-09 01:09:10.053Z",1.07823,1.0783
"exness","EURUSD","2023-06-09 01:09:10.122Z",1.07822,1.07828
"exness","EURUSD","2023-06-09 01:09:10.211Z",1.07822,1.07827
"exness","EURUSD","2023-06-09 01:09:10.392Z",1.0782,1.07826
"exness","EURUSD","2023-06-09 01:09:11.486Z",1.0782,1.07825
"exness","EURUSD","2023-06-09 01:09:15.141Z",1.0782,1.07827
"exness","EURUSD","2023-06-09 01:09:16.809Z",1.07821,1.07828
"exness","EURUSD","2023-06-09 01:09:20.244Z",1.07822,1.07829
"exness","EURUSD","2023-06-09 01:09:23.683Z",1.07822,1.07827
"exness","EURUSD","2023-06-09 01:09:28.315Z",1.0782,1.07827
"exness","EURUSD","2023-06-09 01:09:35.117Z",1.07819,1.07825
"exness","EURUSD","2023-06-09 01:09:35.566Z",1.07817,1.07824
"exness","EURUSD","2023-06-09 01:09:40.740Z",1.07819,1.07825
"exness","EURUSD","2023-06-09 01:09:49.786Z",1.07817,1.07823
"exness","EURUSD","2023-06-09 01:09:52.327Z",1.07818,1.07825
"exness","EURUSD","2023-06-09 01:09:52.364Z",1.07821,1.07826
"exness","EURUSD","2023-06-09 01:09:52.391Z",1.07821,1.07827
"exness","EURUSD","2023-06-09 01:09:56.565Z",1.07823,1.0783
"exness","EURUSD","2023-06-09 01:09:57.443Z",1.07825,1.07831
"exness","EURUSD","2023-06-09 01:10:02.722Z",1.07824,1.0783
"exness","EURUSD","2023-06-09 01:10:07.901Z",1.07825,1.0783
"exness","EURUSD","2023-06-09 01:10:12.342Z",1.07826,1.07833
"exness","EURUSD","2023-06-09 01:10:17.544Z",1.07829,1.07835
"exness","EURUSD","2023-06-09 01:10:17.580Z",1.0783,1.07836
"exness","EURUSD","2023-06-09 01:10:18.005Z",1.07832,1.07837
"exness","EURUSD","2023-06-09 01:10:23.219Z",1.07831,1.07837
"exness","EURUSD","2023-06-09 01:10:23.375Z",1.07829,1.07835
"exness","EURUSD","2023-06-09 01:10:26.705Z",1.07829,1.07834
"exness","EURUSD","2023-06-09 01:10:26.720Z",1.07827,1.07833
"exness","EURUSD","2023-06-09 01:10:27.282Z",1.07827,1.07832
"exness","EURUSD","2023-06-09 01:10:37.686Z",1.07826,1.07832
"exness","EURUSD","2023-06-09 01:10:42.662Z",1.07827,1.07834
"exness","EURUSD","2023-06-09 01:10:52.098Z",1.07829,1.07835
"exness","EURUSD","2023-06-09 01:10:52.103Z",1.0783,1.07837
"exness","EURUSD","2023-06-09 01:10:52.946Z",1.07832,1.07837
"exness","EURUSD","2023-06-09 01:10:54.039Z",1.07832,1.0783800000000001
"exness","EURUSD","2023-06-09 01:11:03.333Z",1.07833,1.0784
"exness","EURUSD","2023-06-09 01:11:03.680Z",1.07833,1.0783800000000001
"exness","EURUSD","2023-06-09 01:11:04.225Z",1.07831,1.0783800000000001
"exness","EURUSD","2023-06-09 01:11:07.072Z",1.07829,1.07835
"exness","EURUSD","2023-06-09 01:11:07.347Z",1.07828,1.07833
"exness","EURUSD","2023-06-09 01:11:08.453Z",1.07827,1.07833
"exness","EURUSD","2023-06-09 01:11:19.351Z",1.07828,1.07834
"exness","EURUSD","2023-06-09 01:11:21.665Z",1.07826,1.07833
"exness","EURUSD","2023-06-09 01:11:25.853Z",1.07825,1.07831
"exness","EURUSD","2023-06-09 01:11:40.713Z",1.07824,1.0783
"exness","EURUSD","2023-06-09 01:11:40.718Z",1.07822,1.07828
"exness","EURUSD","2023-06-09 01:11:40.737Z",1.07821,1.07827
"exness","EURUSD","2023-06-09 01:11:40.764Z",1.07819,1.07825
"exness","EURUSD","2023-06-09 01:11:40.936Z",1.07817,1.07824
"exness","EURUSD","2023-06-09 01:11:41.449Z",1.07819,1.07825
"exness","EURUSD","2023-06-09 01:11:43.423Z",1.07821,1.07828
"exness","EURUSD","2023-06-09 01:11:43.562Z",1.07823,1.07829
"exness","EURUSD","2023-06-09 01:11:43.714Z",1.07824,1.07831
"exness","EURUSD","2023-06-09 01:11:44.776Z",1.07823,1.07829
"exness","EURUSD","2023-06-09 01:11:47.322Z",1.07825,1.07831
"exness","EURUSD","2023-06-09 01:11:47.416Z",1.07826,1.07832
"exness","EURUSD","2023-06-09 01:11:55.380Z",1.07827,1.07834
"exness","EURUSD","2023-06-09 01:11:59.414Z",1.07826,1.07832
"exness","EURUSD","2023-06-09 01:12:00.899Z",1.07824,1.07831
"exness","EURUSD","2023-06-09 01:12:02.309Z",1.07826,1.07832
"exness","EURUSD","2023-06-09 01:12:06.506Z",1.07827,1.07832
"exness","EURUSD","2023-06-09 01:12:17.315Z",1.07829,1.07835
"exness","EURUSD","2023-06-09 01:12:17.449Z",1.0783,1.07835
"exness","EURUSD","2023-06-09 01:12:18.433Z",1.07831,1.07837
"exness","EURUSD","2023-06-09 01:12:20.639Z",1.0783,1.07836
"exness","EURUSD","2023-06-09 01:12:22.843Z",1.07828,1.07834
"exness","EURUSD","2023-06-09 01:12:29.502Z",1.07831,1.07836
"exness","EURUSD","2023-06-09 01:12:30.406Z",1.07829,1.07835
"exness","EURUSD","2023-06-09 01:12:30.455Z",1.07829,1.07834
"exness","EURUSD","2023-06-09 01:12:31.344Z",1.07827,1.07833
"exness","EURUSD","2023-06-09 01:12:31.874Z",1.07825,1.07832
"exness","EURUSD","2023-06-09 01:12:32.092Z",1.07824,1.0783
"exness","EURUSD","2023-06-09 01:12:32.147Z",1.07824,1.07829
"exness","EURUSD","2023-06-09 01:12:34.578Z",1.07822,1.07828
"exness","EURUSD","2023-06-09 01:12:36.055Z",1.07821,1.07827
"exness","EURUSD","2023-06-09 01:12:36.612Z",1.0782,1.07826
"exness","EURUSD","2023-06-09 01:12:59.604Z",1.07821,1.07826
"exness","EURUSD","2023-06-09 01:13:11.197Z",1.07822,1.07828
"exness","EURUSD","2023-06-09 01:13:11.607Z",1.07823,1.07829
"exness","EURUSD","2023-06-09 01:13:12.333Z",1.07825,1.0783
"exness","EURUSD","2023-06-09 01:13:12.385Z",1.07823,1.07829
"exness","EURUSD","2023-06-09 01:13:14.397Z",1.07821,1.07828
"exness","EURUSD","2023-06-09 01:13:16.432Z",1.07819,1.07825
"exness","EURUSD","2023-06-09 01:13:20.258Z",1.07819,1.07824
"exness","EURUSD","2023-06-09 01:13:37.423Z",1.0782,1.07826
"exness","EURUSD","2023-06-09 01:13:56.120Z",1.07819,1.07825
"exness","EURUSD","2023-06-09 01:14:00.698Z",1.0782,1.07825
"exness","EURUSD","2023-06-09 01:14:03.539Z",1.07821,1.07827
"exness","EURUSD","2023-06-09 01:14:04.337Z",1.07822,1.07829
"exness","EURUSD","2023-06-09 01:14:04.389Z",1.07824,1.0783
"exness","EURUSD","2023-06-09 01:14:05.462Z",1.07825,1.07831
"exness","EURUSD","2023-06-09 01:14:07.415Z",1.07823,1.07829
"exness","EURUSD","2023-06-09 01:14:12.352Z",1.07822,1.07828
"exness","EURUSD","2023-06-09 01:14:13.165Z",1.07823,1.07829
"exness","EURUSD","2023-06-09 01:14:13.801Z",1.07825,1.0783
"exness","EURUSD","2023-06-09 01:14:15.130Z",1.07825,1.07831
"exness","EURUSD","2023-06-09 01:14:16.265Z",1.07825,1.0783
"exness","EURUSD","2023-06-09 01:14:24.316Z",1.07826,1.07832
"exness","EURUSD","2023-06-09 01:14:30.363Z",1.07826,1.07831
"exness","EURUSD","2023-06-09 01:14:30.448Z",1.07824,1.0783
"exness","EURUSD","2023-06-09 01:14:30.638Z",1.07822,1.07829
"exness","EURUSD","2023-06-09 01:14:36.881Z",1.07821,1.07827
"exness","EURUSD","2023-06-09 01:14:37.276Z",1.07822,1.07829
"exness","EURUSD","2023-06-09 01:14:37.323Z",1.07824,1.07829
"exness","EURUSD","2023-06-09 01:14:40.526Z",1.07824,1.0783
"exness","EURUSD","2023-06-09 01:14:41.659Z",1.07823,1.07828
"exness","EURUSD","2023-06-09 01:14:43.117Z",1.07822,1.07828
"exness","EURUSD","2023-06-09 01:14:43.909Z",1.0782,1.07827
"exness","EURUSD","2023-06-09 01:15:10.969Z",1.07819,1.07825
"exness","EURUSD","2023-06-09 01:15:21.462Z",1.0782,1.07825
"exness","EURUSD","2023-06-09 01:15:21.854Z",1.07821,1.07827
"exness","EURUSD","2023-06-09 01:15:24.136Z",1.07822,1.07827
"exness","EURUSD","2023-06-09 01:15:30.119Z",1.0782,1.07827
"exness","EURUSD","2023-06-09 01:15:31.943Z",1.07819,1.07825
"exness","EURUSD","2023-06-09 01:15:34.195Z",1.07819,1.07824
"exness","EURUSD","2023-06-09 01:15:35.933Z",1.07819,1.07825
"exness","EURUSD","2023-06-09 01:15:37.516Z",1.0782,1.07827
"exness","EURUSD","2023-06-09 01:15:39.326Z",1.07822,1.07827
"exness","EURUSD","2023-06-09 01:15:51.316Z",1.07823,1.07829
"exness","EURUSD","2023-06-09 01:15:57.057Z",1.07821,1.07828
"exness","EURUSD","2023-06-09 01:16:02.415Z",1.0782,1.07826
"exness","EURUSD","2023-06-09 01:16:22.358Z",1.07822,1.07828
"exness","EURUSD","2023-06-09 01:16:43.842Z",1.07823,1.07829
"exness","EURUSD","2023-06-09 01:16:49.915Z",1.07825,1.07831
"exness","EURUSD","2023-06-09 01:16:53.423Z",1.07826,1.07833
"exness","EURUSD","2023-06-09 01:16:56.481Z",1.07828,1.07833
"exness","EURUSD","2023-06-09 01:16:57.914Z",1.07826,1.07832
"exness","EURUSD","2023-06-09 01:17:00.183Z",1.07823,1.0783
"exness","EURUSD","2023-06-09 01:17:02.105Z",1.07825,1.07831
"exness","EURUSD","2023-06-09 01:17:02.153Z",1.07826,1.07833
"exness","EURUSD","2023-06-09 01:17:35.028Z",1.07825,1.07831
"exness","EURUSD","2023-06-09 01:17:35.062Z",1.07824,1.0783
"exness","EURUSD","2023-06-09 01:17:35.505Z",1.07822,1.07828
"exness","EURUSD","2023-06-09 01:17:42.669Z",1.07821,1.07827
"exness","EURUSD","2023-06-09 01:17:47.881Z",1.07823,1.07828
"exness","EURUSD","2023-06-09 01:17:49.181Z",1.07821,1.07827
"exness","EURUSD","2023-06-09 01:18:05.060Z",1.07822,1.07827
"exness","EURUSD","2023-06-09 01:18:06.118Z",1.07821,1.07827
"exness","EURUSD","2023-06-09 01:18:20.324Z",1.07821,1.07826
"exness","EURUSD","2023-06-09 01:18:36.048Z",1.0782,1.07826
"exness","EURUSD","2023-06-09 01:18:39.362Z",1.07821,1.07826
"exness","EURUSD","2023-06-09 01:18:42.776Z",1.07822,1.07828
"exness","EURUSD","2023-06-09 01:18:58.795Z",1.07823,1.07829
"exness","EURUSD","2023-06-09 01:19:00.172Z",1.07821,1.07827
"exness","EURUSD","2023-06-09 01:19:01.318Z",1.07819,1.07826
"exness","EURUSD","2023-06-09 01:19:04.966Z",1.07818,1.07824
"exness","EURUSD","2023-06-09 01:19:09.432Z",1.0782,1.07826
"exness","EURUSD","2023-06-09 01:19:11.162Z",1.07821,1.07826
"exness","EURUSD","2023-06-09 01:19:19.511Z",1.07819,1.07826
"exness","EURUSD","2023-06-09 01:19:21.438Z",1.07818,1.07824
"exness","EURUSD","2023-06-09 01:19:21.449Z",1.07816,1.07822
"exness","EURUSD","2023-06-09 01:19:21.474Z",1.07814,1.07821
"exness","EURUSD","2023-06-09 01:19:21.491Z",1.07813,1.07819
"exness","EURUSD","2023-06-09 01:19:22.867Z",1.07813,1.07818
"exness","EURUSD","2023-06-09 01:19:23.239Z",1.07813,1.07819
"exness","EURUSD","2023-06-09 01:19:27.604Z",1.07815,1.07821
"exness","EURUSD","2023-06-09 01:19:30.295Z",1.07816,1.07822
"exness","EURUSD","2023-06-09 01:19:50.831Z",1.07816,1.07821
"exness","EURUSD","2023-06-09 01:20:15.063Z",1.07815,1.07821
"exness","EURUSD","2023-06-09 01:20:17.963Z",1.07813,1.07819
"exness","EURUSD","2023-06-09 01:20:18.982Z",1.07813,1.07818
"exness","EURUSD","2023-06-09 01:20:19.949Z",1.07813,1.07819
"exness","EURUSD","2023-06-09 01:20:22.319Z",1.07815,1.07822
"exness","EURUSD","2023-06-09 01:20:22.579Z",1.07814,1.0782
"exness","EURUSD","2023-06-09 01:20:23.936Z",1.07813,1.07819
"exness","EURUSD","2023-06-09 01:20:27.011Z",1.07812,1.07817
"exness","EURUSD","2023-06-09 01:20:33.438Z",1.0781,1.07815
"exness","EURUSD","2023-06-09 01:20:38.649Z",1.07811,1.07817
"exness","EURUSD","2023-06-09 01:20:40.272Z",1.07809,1.07815
"exness","EURUSD","2023-06-09 01:20:47.548Z",1.07807,1.07813
"exness","EURUSD","2023-06-09 01:20:48.371Z",1.07807,1.07812
"exness","EURUSD","2023-06-09 01:20:53.175Z",1.07804,1.0781
"exness","EURUSD","2023-06-09 01:20:54.221Z",1.07803,1.07809
"exness","EURUSD","2023-06-09 01:21:11.083Z",1.07805,1.07812
"exness","EURUSD","2023-06-09 01:21:15.183Z",1.07808,1.07814
"exness","EURUSD","2023-06-09 01:21:15.875Z",1.0781,1.07815
"exness","EURUSD","2023-06-09 01:21:15.893Z",1.07808,1.07814
"exness","EURUSD","2023-06-09 01:21:16.994Z",1.07807,1.07813
"exness","EURUSD","2023-06-09 01:21:19.271Z",1.07808,1.07814
"exness","EURUSD","2023-06-09 01:21:19.312Z",1.0781,1.07816
"exness","EURUSD","2023-06-09 01:21:19.328Z",1.07811,1.07817
"exness","EURUSD","2023-06-09 01:21:29.094Z",1.0781,1.07816
"exness","EURUSD","2023-06-09 01:21:35.325Z",1.07808,1.07814
"exness","EURUSD","2023-06-09 01:21:36.079Z",1.07807,1.07812
"exness","EURUSD","2023-06-09 01:22:00.436Z",1.07808,1.07814
"exness","EURUSD","2023-06-09 01:22:00.523Z",1.0781,1.07816
"exness","EURUSD","2023-06-09 01:22:01.871Z",1.07811,1.07817
"exness","EURUSD","2023-06-09 01:22:02.392Z",1.0781,1.07815
"exness","EURUSD","2023-06-09 01:22:03.529Z",1.0781,1.07816
"exness","EURUSD","2023-06-09 01:22:16.658Z",1.07808,1.07814
"exness","EURUSD","2023-06-09 01:22:16.750Z",1.07808,1.07813
"exness","EURUSD","2023-06-09 01:22:22.022Z",1.07808,1.07814
"exness","EURUSD","2023-06-09 01:22:22.263Z",1.0781,1.07816
"exness","EURUSD","2023-06-09 01:22:24.583Z",1.07808,1.07813
"exness","EURUSD","2023-06-09 01:22:25.651Z",1.07807,1.07813
"exness","EURUSD","2023-06-09 01:22:25.670Z",1.07806,1.07812
"exness","EURUSD","2023-06-09 01:22:25.682Z",1.07807,1.07814
"exness","EURUSD","2023-06-09 01:22:25.723Z",1.07809,1.07814
"exness","EURUSD","2023-06-09 01:22:26.733Z",1.07808,1.07814
"exness","EURUSD","2023-06-09 01:22:27.747Z",1.07809,1.07815
"exness","EURUSD","2023-06-09 01:22:29.421Z",1.07811,1.07817
"exness","EURUSD","2023-06-09 01:22:30.109Z",1.07813,1.07818
"exness","EURUSD","2023-06-09 01:22:37.453Z",1.07813,1.07819
"exness","EURUSD","2023-06-09 01:22:38.426Z",1.07814,1.0782
"exness","EURUSD","2023-06-09 01:22:44.287Z",1.07816,1.07822
"exness","EURUSD","2023-06-09 01:22:52.203Z",1.07817,1.07822
"exness","EURUSD","2023-06-09 01:23:10.032Z",1.07818,1.07824
"exness","EURUSD","2023-06-09 01:23:10.086Z",1.0782,1.07826
"exness","EURUSD","2023-06-09 01:23:10.596Z",1.07822,1.07827
"exness","EURUSD","2023-06-09 01:23:16.982Z",1.07822,1.07828
"exness","EURUSD","2023-06-09 01:23:51.697Z",1.07823,1.07828
"exness","EURUSD","2023-06-09 01:23:51.731Z",1.07824,1.0783
"exness","EURUSD","2023-06-09 01:23:52.888Z",1.07822,1.07829
"exness","EURUSD","2023-06-09 01:23:54.804Z",1.07822,1.07827
"exness","EURUSD","2023-06-09 01:23:57.941Z",1.0782,1.07826
"exness","EURUSD","2023-06-09 01:23:58.966Z",1.07819,1.07825
"exness","EURUSD","2023-06-09 01:24:03.205Z",1.07821,1.07827
"exness","EURUSD","2023-06-09 01:24:04.535Z",1.07823,1.07828
"exness","EURUSD","2023-06-09 01:24:05.225Z",1.07823,1.0783
"exness","EURUSD","2023-06-09 01:24:06.865Z",1.07825,1.0783
"exness","EURUSD","2023-06-09 01:24:07.203Z",1.07823,1.07829
"exness","EURUSD","2023-06-09 01:24:15.693Z",1.07825,1.0783
"exness","EURUSD","2023-06-09 01:24:17.461Z",1.07826,1.07832
"exness","EURUSD","2023-06-09 01:24:19.381Z",1.07828,1.07834
"exness","EURUSD","2023-06-09 01:24:19.415Z",1.0783,1.07836
"exness","EURUSD","2023-06-09 01:24:19.657Z",1.07831,1.0783800000000001
"exness","EURUSD","2023-06-09 01:24:24.277Z",1.0783,1.07836
"exness","EURUSD","2023-06-09 01:24:24.320Z",1.0783,1.07835
"exness","EURUSD","2023-06-09 01:24:25.723Z",1.0783,1.07836
"exness","EURUSD","2023-06-09 01:24:43.589Z",1.07831,1.07837
"exness","EURUSD","2023-06-09 01:24:49.967Z",1.07833,1.07839
"exness","EURUSD","2023-06-09 01:24:50.511Z",1.07835,1.0784
"exness","EURUSD","2023-06-09 01:24:52.077Z",1.07835,1.07841
"exness","EURUSD","2023-06-09 01:24:56.353Z",1.07836,1.07843
"exness","EURUSD","2023-06-09 01:24:57.404Z",1.07837,1.07844
"exness","EURUSD","2023-06-09 01:24:59.410Z",1.07836,1.07843
"exness","EURUSD","2023-06-09 01:25:00.237Z",1.07835,1.07841
"exness","EURUSD","2023-06-09 01:25:12.988Z",1.07834,1.0784
"exness","EURUSD","2023-06-09 01:25:21.513Z",1.07832,1.0783800000000001
"exness","EURUSD","2023-06-09 01:25:21.531Z",1.07831,1.07837
"exness","EURUSD","2023-06-09 01:25:21.585Z",1.07829,1.07835
"exness","EURUSD","2023-06-09 01:25:23.771Z",1.07829,1.07834
"exness","EURUSD","2023-06-09 01:25:35.225Z",1.07827,1.07833
"exness","EURUSD","2023-06-09 01:25:51.483Z",1.07825,1.07831
"exness","EURUSD","2023-06-09 01:25:52.438Z",1.07824,1.07829
"exness","EURUSD","2023-06-09 01:25:52.480Z",1.07825,1.07831
"exness","EURUSD","2023-06-09 01:25:53.493Z",1.07826,1.07832
"exness","EURUSD","2023-06-09 01:25:57.091Z",1.07825,1.07831
"exness","EURUSD","2023-06-09 01:26:37.364Z",1.07826,1.07832
"exness","EURUSD","2023-06-09 01:26:39.329Z",1.07826,1.07831
"exness","EURUSD","2023-06-09 01:26:41.286Z",1.07824,1.0783
"exness","EURUSD","2023-06-09 01:26:41.448Z",1.07822,1.07828
"exness","EURUSD","2023-06-09 01:26:41.497Z",1.07821,1.07827
"exness","EURUSD","2023-06-09 01:26:41.781Z",1.0782,1.07825
"exness","EURUSD","2023-06-09 01:26:46.611Z",1.07818,1.07824
"exness","EURUSD","2023-06-09 01:26:47.370Z",1.07817,1.07822
"exness","EURUSD","2023-06-09 01:26:47.437Z",1.07815,1.07822
"exness","EURUSD","2023-06-09 01:26:58.680Z",1.07818,1.07823
"exness","EURUSD","2023-06-09 01:27:00.488Z",1.07818,1.07824
"exness","EURUSD","2023-06-09 01:27:00.553Z",1.07819,1.07824
"exness","EURUSD","2023-06-09 01:27:04.008Z",1.0782,1.07826
"exness","EURUSD","2023-06-09 01:27:05.045Z",1.07821,1.07827
"exness","EURUSD","2023-06-09 01:27:12.453Z",1.07821,1.07826
"exness","EURUSD","2023-06-09 01:27:19.199Z",1.07821,1.07828
"exness","EURUSD","2023-06-09 01:27:29.226Z",1.07823,1.0783
"exness","EURUSD","2023-06-09 01:27:29.236Z",1.07825,1.07831
"exness","EURUSD","2023-06-09 01:27:29.268Z",1.07827,1.07833
"exness","EURUSD","2023-06-09 01:27:32.461Z",1.07828,1.07833
"exness","EURUSD","2023-06-09 01:27:47.920Z",1.07829,1.07835
"exness","EURUSD","2023-06-09 01:27:49.296Z",1.07831,1.07837
"exness","EURUSD","2023-06-09 01:27:54.463Z",1.07832,1.07839
"exness","EURUSD","2023-06-09 01:27:59.431Z",1.07831,1.0783800000000001
"exness","EURUSD","2023-06-09 01:28:00.031Z",1.0783,1.07836
"exness","EURUSD","2023-06-09 01:28:12.532Z",1.07828,1.07834
"exness","EURUSD","2023-06-09 01:29:08.280Z",1.07826,1.07832
"exness","EURUSD","2023-06-09 01:29:08.413Z",1.07826,1.07831
"exness","EURUSD","2023-06-09 01:29:09.496Z",1.07824,1.0783
"exness","EURUSD","2023-06-09 01:29:09.551Z",1.07823,1.07829
"exness","EURUSD","2023-06-09 01:29:10.709Z",1.07821,1.07827
"exness","EURUSD","2023-06-09 01:29:29.652Z",1.07819,1.07825
"exness","EURUSD","2023-06-09 01:29:30.989Z",1.07818,1.07824
"exness","EURUSD","2023-06-09 01:30:00.109Z",1.0782,1.07826
"exness","EURUSD","2023-06-09 01:30:00.212Z",1.07821,1.07826
"exness","EURUSD","2023-06-09 01:30:00.453Z",1.07822,1.07828
"exness","EURUSD","2023-06-09 01:30:01.605Z",1.07823,1.07828
"exness","EURUSD","2023-06-09 01:30:04.002Z",1.07821,1.07827
"exness","EURUSD","2023-06-09 01:30:04.343Z",1.07819,1.07825
"exness","EURUSD","2023-06-09 01:30:07.271Z",1.07821,1.07826
"exness","EURUSD","2023-06-09 01:30:07.540Z",1.07821,1.07827
"exness","EURUSD","2023-06-09 01:30:10.027Z",1.07823,1.07828
"exness","EURUSD","2023-06-09 01:30:10.109Z",1.07823,1.07829
"exness","EURUSD","2023-06-09 01:30:31.768Z",1.07825,1.07831
"exness","EURUSD","2023-06-09 01:30:31.864Z",1.07825,1.0783
"exness","EURUSD","2023-06-09 01:30:31.982Z",1.07825,1.07832
"exness","EURUSD","2023-06-09 01:30:34.223Z",1.07827,1.07832
"exness","EURUSD","2023-06-09 01:30:34.233Z",1.07825,1.07831
"exness","EURUSD","2023-06-09 01:30:34.512Z",1.07823,1.0783
"exness","EURUSD","2023-06-09 01:30:37.807Z",1.07823,1.07828
"exness","EURUSD","2023-06-09 01:30:47.475Z",1.07823,1.07829
"exness","EURUSD","2023-06-09 01:30:48.655Z",1.07821,1.07827
"exness","EURUSD","2023-06-09 01:30:48.670Z",1.0782,1.07826
"exness","EURUSD","2023-06-09 01:30:48.766Z",1.07818,1.07824
"exness","EURUSD","2023-06-09 01:30:58.125Z",1.07819,1.07826
"exness","EURUSD","2023-06-09 01:30:58.138Z",1.07821,1.07827
"exness","EURUSD","2023-06-09 01:30:58.145Z",1.07823,1.07829
"exness","EURUSD","2023-06-09 01:31:00.555Z",1.07821,1.07827
"exness","EURUSD","2023-06-09 01:31:00.579Z",1.07819,1.07826
"exness","EURUSD","2023-06-09 01:31:01.598Z",1.07819,1.07824
"exness","EURUSD","2023-06-09 01:31:02.441Z",1.0782,1.07826
"exness","EURUSD","2023-06-09 01:31:06.339Z",1.07821,1.07826
"exness","EURUSD","2023-06-09 01:31:10.607Z",1.07822,1.07828
"exness","EURUSD","2023-06-09 01:31:12.855Z",1.07823,1.07829
"exness","EURUSD","2023-06-09 01:31:16.367Z",1.07824,1.07829
"exness","EURUSD","2023-06-09 01:31:17.167Z",1.07824,1.07831
"exness","EURUSD","2023-06-09 01:31:19.524Z",1.07826,1.07831
"exness","EURUSD","2023-06-09 01:31:22.616Z",1.07824,1.0783
"exness","EURUSD","2023-06-09 01:31:23.687Z",1.07824,1.07829
"exness","EURUSD","2023-06-09 01:31:27.791Z",1.07821,1.07827
"exness","EURUSD","2023-06-09 01:31:28.203Z",1.07822,1.07829
"exness","EURUSD","2023-06-09 01:31:29.581Z",1.07824,1.07829
"exness","EURUSD","2023-06-09 01:31:30.710Z",1.07822,1.07828
"exness","EURUSD","2023-06-09 01:31:32.703Z",1.0782,1.07827
"exness","EURUSD","2023-06-09 01:31:32.780Z",1.07819,1.07825
"exness","EURUSD","2023-06-09 01:31:35.624Z",1.07819,1.07824
"exness","EURUSD","2023-06-09 01:31:39.417Z",1.07819,1.07825
"exness","EURUSD","2023-06-09 01:31:39.504Z",1.07818,1.07824
"exness","EURUSD","2023-06-09 01:31:39.633Z",1.07816,1.07822
"exness","EURUSD","2023-06-09 01:31:43.265Z",1.07814,1.0782
"exness","EURUSD","2023-06-09 01:31:43.540Z",1.07815,1.0782
"exness","EURUSD","2023-06-09 01:31:43.575Z",1.07814,1.0782
"exness","EURUSD","2023-06-09 01:31:43.738Z",1.07815,1.07822
"exness","EURUSD","2023-06-09 01:31:52.900Z",1.07813,1.07819
"exness","EURUSD","2023-06-09 01:31:53.907Z",1.07814,1.07821
"exness","EURUSD","2023-06-09 01:31:59.073Z",1.07816,1.07822
"exness","EURUSD","2023-06-09 01:31:59.594Z",1.07815,1.07821
"exness","EURUSD","2023-06-09 01:32:05.041Z",1.07817,1.07823
"exness","EURUSD","2023-06-09 01:32:05.835Z",1.07819,1.07824
"exness","EURUSD","2023-06-09 01:32:15.108Z",1.07817,1.07824
"exness","EURUSD","2023-06-09 01:32:21.988Z",1.07816,1.07823
"exness","EURUSD","2023-06-09 01:32:33.418Z",1.07818,1.07824
"exness","EURUSD","2023-06-09 01:32:34.391Z",1.0782,1.07825
"exness","EURUSD","2023-06-09 01:32:34.939Z",1.07818,1.07824
"exness","EURUSD","2023-06-09 01:32:40.116Z",1.07818,1.07823
"exness","EURUSD","2023-06-09 01:32:45.688Z",1.07818,1.07824
"exness","EURUSD","2023-06-09 01:32:55.766Z",1.07816,1.07822
"exness","EURUSD","2023-06-09 01:32:55.772Z",1.07815,1.07821
"exness","EURUSD","2023-06-09 01:32:55.981Z",1.07814,1.07819
"exness","EURUSD","2023-06-09 01:32:57.102Z",1.07814,1.0782
"exness","EURUSD","2023-06-09 01:33:01.089Z",1.07813,1.07819
"exness","EURUSD","2023-06-09 01:33:07.471Z",1.07811,1.07817
"exness","EURUSD","2023-06-09 01:33:07.511Z",1.07811,1.07816
"exness","EURUSD","2023-06-09 01:33:08.515Z",1.0781,1.07815
"exness","EURUSD","2023-06-09 01:33:08.545Z",1.07808,1.07814
"exness","EURUSD","2023-06-09 01:33:08.784Z",1.07806,1.07813
"exness","EURUSD","2023-06-09 01:33:12.897Z",1.07808,1.07814
"exness","EURUSD","2023-06-09 01:33:13.553Z",1.07809,1.07816
"exness","EURUSD","2023-06-09 01:33:13.597Z",1.07811,1.07817
"exness","EURUSD","2023-06-09 01:33:13.850Z",1.07813,1.07818
"exness","EURUSD","2023-06-09 01:33:16.386Z",1.07813,1.07819
"exness","EURUSD","2023-06-09 01:33:17.649Z",1.07813,1.07818
"exness","EURUSD","2023-06-09 01:33:25.818Z",1.07813,1.07819
"exness","EURUSD","2023-06-09 01:33:46.564Z",1.07814,1.0782
"exness","EURUSD","2023-06-09 01:33:54.736Z",1.07814,1.07819
"exness","EURUSD","2023-06-09 01:34:07.848Z",1.07814,1.0782
"exness","EURUSD","2023-06-09 01:34:26.632Z",1.07813,1.07819
"exness","EURUSD","2023-06-09 01:34:27.626Z",1.07815,1.07821
"exness","EURUSD","2023-06-09 01:34:28.627Z",1.07816,1.07822
"exness","EURUSD","2023-06-09 01:34:33.027Z",1.07818,1.07824
"exness","EURUSD","2023-06-09 01:34:33.040Z",1.0782,1.07826
"exness","EURUSD","2023-06-09 01:34:33.152Z",1.07821,1.07827
"exness","EURUSD","2023-06-09 01:34:33.438Z",1.07821,1.07826
"exness","EURUSD","2023-06-09 01:34:33.853Z",1.07821,1.07828
"exness","EURUSD","2023-06-09 01:34:44.979Z",1.07824,1.0783
"exness","EURUSD","2023-06-09 01:34:45.017Z",1.07826,1.07832
"exness","EURUSD","2023-06-09 01:34:46.337Z",1.07828,1.07834
"exness","EURUSD","2023-06-09 01:34:46.341Z",1.07829,1.07836
"exness","EURUSD","2023-06-09 01:34:46.996Z",1.07831,1.07837
"exness","EURUSD","2023-06-09 01:34:50.057Z",1.07833,1.0783800000000001
"exness","EURUSD","2023-06-09 01:34:52.738Z",1.07834,1.0784
"exness","EURUSD","2023-06-09 01:34:52.766Z",1.07835,1.07841
"exness","EURUSD","2023-06-09 01:34:52.790Z",1.07837,1.07843
"exness","EURUSD","2023-06-09 01:34:52.860Z",1.07836,1.07841
"exness","EURUSD","2023-06-09 01:34:56.025Z",1.07836,1.07843
"exness","EURUSD","2023-06-09 01:35:01.132Z",1.07837,1.07844
"exness","EURUSD","2023-06-09 01:35:07.408Z",1.0784,1.07846
"exness","EURUSD","2023-06-09 01:35:07.445Z",1.07841,1.0784799999999999
"exness","EURUSD","2023-06-09 01:35:10.368Z",1.0784,1.07847
"exness","EURUSD","2023-06-09 01:35:14.396Z",1.07843,1.0784799999999999
"exness","EURUSD","2023-06-09 01:35:14.462Z",1.07843,1.07849
"exness","EURUSD","2023-06-09 01:35:14.478Z",1.07845,1.07851
"exness","EURUSD","2023-06-09 01:35:17.142Z",1.07844,1.0785
"exness","EURUSD","2023-06-09 01:35:20.069Z",1.07845,1.07851
"exness","EURUSD","2023-06-09 01:35:24.876Z",1.07844,1.0785
"exness","EURUSD","2023-06-09 01:35:26.363Z",1.07842,1.07849
"exness","EURUSD","2023-06-09 01:35:27.444Z",1.07842,1.07847
"exness","EURUSD","2023-06-09 01:35:28.264Z",1.07843,1.07849
"exness","EURUSD","2023-06-09 01:35:28.548Z",1.07845,1.0785
"exness","EURUSD","2023-06-09 01:35:31.319Z",1.07847,1.07852
"exness","EURUSD","2023-06-09 01:35:33.684Z",1.07845,1.07851
"exness","EURUSD","2023-06-09 01:35:38.355Z",1.07846,1.07852
"exness","EURUSD","2023-06-09 01:35:42.728Z",1.07847,1.07852
"exness","EURUSD","2023-06-09 01:35:46.150Z",1.0784799999999999,1.07854
"exness","EURUSD","2023-06-09 01:35:46.958Z",1.07847,1.07852
"exness","EURUSD","2023-06-09 01:35:49.108Z",1.07845,1.07852
"exness","EURUSD","2023-06-09 01:35:49.583Z",1.07845,1.0785
"exness","EURUSD","2023-06-09 01:35:50.653Z",1.07844,1.0785
"exness","EURUSD","2023-06-09 01:35:52.349Z",1.07846,1.07851
"exness","EURUSD","2023-06-09 01:35:55.823Z",1.07844,1.07851
"exness","EURUSD","2023-06-09 01:35:59.728Z",1.07844,1.07849
"exness","EURUSD","2023-06-09 01:36:02.372Z",1.07845,1.07851
"exness","EURUSD","2023-06-09 01:36:02.583Z",1.07845,1.0785
"exness","EURUSD","2023-06-09 01:36:10.207Z",1.07843,1.07849
"exness","EURUSD","2023-06-09 01:36:17.986Z",1.07841,1.0784799999999999
"exness","EURUSD","2023-06-09 01:36:18.014Z",1.0784,1.07846
"exness","EURUSD","2023-06-09 01:36:18.038Z",1.0783800000000001,1.07845
"exness","EURUSD","2023-06-09 01:36:18.481Z",1.0783800000000001,1.07843
"exness","EURUSD","2023-06-09 01:36:19.486Z",1.0783800000000001,1.07844
"exness","EURUSD","2023-06-09 01:36:20.554Z",1.07839,1.07846
"exness","EURUSD","2023-06-09 01:36:26.339Z",1.07839,1.07844
"exness","EURUSD","2023-06-09 01:36:27.192Z",1.0783800000000001,1.07844
"exness","EURUSD","2023-06-09 01:36:40.169Z",1.07836,1.07843
"exness","EURUSD","2023-06-09 01:36:40.207Z",1.07835,1.07841
"exness","EURUSD","2023-06-09 01:36:40.260Z",1.07833,1.07839
"exness","EURUSD","2023-06-09 01:36:40.399Z",1.07832,1.07837
"exness","EURUSD","2023-06-09 01:36:41.299Z",1.07831,1.07836
"exness","EURUSD","2023-06-09 01:36:44.297Z",1.07829,1.07836
"exness","EURUSD","2023-06-09 01:36:47.413Z",1.07831,1.07837
"exness","EURUSD","2023-06-09 01:36:51.653Z",1.07829,1.07835
"exness","EURUSD","2023-06-09 01:36:53.905Z",1.07831,1.07836
"exness","EURUSD","2023-06-09 01:36:54.748Z",1.07832,1.0783800000000001
"exness","EURUSD","2023-06-09 01:37:00.208Z",1.0783,1.07837
"exness","EURUSD","2023-06-09 01:37:01.014Z",1.07832,1.07837
"exness","EURUSD","2023-06-09 01:37:03.587Z",1.07832,1.0783800000000001
"exness","EURUSD","2023-06-09 01:37:03.610Z",1.07833,1.0784
"exness","EURUSD","2023-06-09 01:37:04.407Z",1.07835,1.0784
"exness","EURUSD","2023-06-09 01:37:06.799Z",1.07833,1.07839
"exness","EURUSD","2023-06-09 01:37:08.435Z",1.07834,1.0784
"exness","EURUSD","2023-06-09 01:37:20.879Z",1.07835,1.07841
"exness","EURUSD","2023-06-09 01:37:21.438Z",1.07837,1.07842
"exness","EURUSD","2023-06-09 01:37:22.447Z",1.07837,1.07843
"exness","EURUSD","2023-06-09 01:37:23.421Z",1.07839,1.07845
"exness","EURUSD","2023-06-09 01:37:23.484Z",1.0784,1.07846
"exness","EURUSD","2023-06-09 01:37:25.047Z",1.07841,1.0784799999999999
"exness","EURUSD","2023-06-09 01:37:29.952Z",1.07843,1.0784799999999999
"exness","EURUSD","2023-06-09 01:37:31.174Z",1.07843,1.07849
"exness","EURUSD","2023-06-09 01:37:33.096Z",1.07845,1.07851
"exness","EURUSD","2023-06-09 01:37:33.357Z",1.07847,1.07852
"exness","EURUSD","2023-06-09 01:37:33.429Z",1.07845,1.07851
"exness","EURUSD","2023-06-09 01:37:33.969Z",1.07847,1.07853
"exness","EURUSD","2023-06-09 01:37:36.617Z",1.07846,1.07852
"exness","EURUSD","2023-06-09 01:37:43.600Z",1.07847,1.07853
"exness","EURUSD","2023-06-09 01:37:48.124Z",1.07846,1.07852
"exness","EURUSD","2023-06-09 01:37:52.641Z",1.07844,1.0785
"exness","EURUSD","2023-06-09 01:37:52.814Z",1.07842,1.07849
"exness","EURUSD","2023-06-09 01:37:56.185Z",1.07844,1.0785
"exness","EURUSD","2023-06-09 01:37:57.335Z",1.07841,1.07847
"exness","EURUSD","2023-06-09 01:38:01.626Z",1.0784,1.07845
"exness","EURUSD","2023-06-09 01:38:07.101Z",1.07841,1.07847
"exness","EURUSD","2023-06-09 01:38:11.635Z",1.0783800000000001,1.07845
"exness","EURUSD","2023-06-09 01:38:17.198Z",1.07841,1.07847
"exness","EURUSD","2023-06-09 01:38:18.358Z",1.07842,1.07847
"exness","EURUSD","2023-06-09 01:38:18.477Z",1.0784,1.07847
"exness","EURUSD","2023-06-09 01:38:20.816Z",1.07839,1.07845
"exness","EURUSD","2023-06-09 01:38:22.009Z",1.0784,1.07847
"exness","EURUSD","2023-06-09 01:38:25.072Z",1.07842,1.07847
"exness","EURUSD","2023-06-09 01:38:29.945Z",1.07843,1.07849
"exness","EURUSD","2023-06-09 01:38:37.861Z",1.0784,1.07847
"exness","EURUSD","2023-06-09 01:38:38.978Z",1.07842,1.0784799999999999
"exness","EURUSD","2023-06-09 01:38:40.725Z",1.0784,1.07846
"exness","EURUSD","2023-06-09 01:38:40.868Z",1.07839,1.07845
"exness","EURUSD","2023-06-09 01:38:43.502Z",1.0784,1.07846
"exness","EURUSD","2023-06-09 01:38:43.532Z",1.07842,1.07847
"exness","EURUSD","2023-06-09 01:38:44.301Z",1.07842,1.0784799999999999
"exness","EURUSD","2023-06-09 01:38:49.028Z",1.07841,1.07847
"exness","EURUSD","2023-06-09 01:38:56.392Z",1.07843,1.07849
"exness","EURUSD","2023-06-09 01:38:57.404Z",1.07844,1.0785
"exness","EURUSD","2023-06-09 01:39:00.500Z",1.07843,1.0784799999999999
"exness","EURUSD","2023-06-09 01:39:02.955Z",1.07841,1.07847
"exness","EURUSD","2023-06-09 01:39:02.987Z",1.07839,1.07845
"exness","EURUSD","2023-06-09 01:39:05.415Z",1.07837,1.07843
"exness","EURUSD","2023-06-09 01:39:05.478Z",1.07836,1.07841
"exness","EURUSD","2023-06-09 01:39:07.562Z",1.07836,1.07842
"exness","EURUSD","2023-06-09 01:39:09.158Z",1.07835,1.07841
"exness","EURUSD","2023-06-09 01:39:14.183Z",1.07836,1.07841
"exness","EURUSD","2023-06-09 01:39:17.535Z",1.07837,1.07843
"exness","EURUSD","2023-06-09 01:39:23.606Z",1.0783800000000001,1.07844
"exness","EURUSD","2023-06-09 01:39:28.824Z",1.0783800000000001,1.07843
"exness","EURUSD","2023-06-09 01:39:40.339Z",1.0783800000000001,1.07845
"exness","EURUSD","2023-06-09 01:39:40.382Z",1.0784,1.07847
"exness","EURUSD","2023-06-09 01:39:42.484Z",1.07842,1.0784799999999999
"exness","EURUSD","2023-06-09 01:39:56.654Z",1.0784,1.07846
"exness","EURUSD","2023-06-09 01:39:57.715Z",1.0783800000000001,1.07845
"exness","EURUSD","2023-06-09 01:40:03.729Z",1.07837,1.07844
"exness","EURUSD","2023-06-09 01:40:05.527Z",1.07836,1.07842
"exness","EURUSD","2023-06-09 01:40:05.583Z",1.0783800000000001,1.07843
"exness","EURUSD","2023-06-09 01:40:13.870Z",1.07835,1.07841
"exness","EURUSD","2023-06-09 01:40:13.961Z",1.07835,1.0784
"exness","EURUSD","2023-06-09 01:40:14.969Z",1.07834,1.0784
"exness","EURUSD","2023-06-09 01:40:15.811Z",1.07835,1.0784
"exness","EURUSD","2023-06-09 01:40:19.247Z",1.07834,1.0784
"exness","EURUSD","2023-06-09 01:40:19.917Z",1.07833,1.07839
"exness","EURUSD","2023-06-09 01:40:23.062Z",1.07835,1.07841
"exness","EURUSD","2023-06-09 01:40:28.407Z",1.07837,1.07843
"exness","EURUSD","2023-06-09 01:40:29.963Z",1.07836,1.07841
"exness","EURUSD","2023-06-09 01:40:36.249Z",1.07835,1.07841
"exness","EURUSD","2023-06-09 01:40:36.587Z",1.07836,1.07841
"exness","EURUSD","2023-06-09 01:40:37.611Z",1.07837,1.07842
"exness","EURUSD","2023-06-09 01:40:39.820Z",1.07836,1.07842
"exness","EURUSD","2023-06-09 01:40:43.258Z",1.07835,1.07841
"exness","EURUSD","2023-06-09 01:40:53.550Z",1.07836,1.07842
"exness","EURUSD","2023-06-09 01:40:59.415Z",1.07837,1.07843
"exness","EURUSD","2023-06-09 01:40:59.570Z",1.07837,1.07842
"exness","EURUSD","2023-06-09 01:41:09.519Z",1.07834,1.07841
"exness","EURUSD","2023-06-09 01:41:10.527Z",1.07834,1.07839
"exness","EURUSD","2023-06-09 01:41:10.902Z",1.07835,1.07841
"exness","EURUSD","2023-06-09 01:41:13.031Z",1.07836,1.07841
"exness","EURUSD","2023-06-09 01:41:15.718Z",1.07835,1.07841
"exness","EURUSD","2023-06-09 01:41:16.190Z",1.07837,1.07843
"exness","EURUSD","2023-06-09 01:41:16.226Z",1.07835,1.07841
"exness","EURUSD","2023-06-09 01:41:16.338Z",1.07837,1.07842
"exness","EURUSD","2023-06-09 01:41:18.146Z",1.07837,1.07843
"exness","EURUSD","2023-06-09 01:41:27.752Z",1.07835,1.07841
"exness","EURUSD","2023-06-09 01:41:29.837Z",1.07834,1.07839
"exness","EURUSD","2023-06-09 01:41:34.328Z",1.07833,1.07839
"exness","EURUSD","2023-06-09 01:41:39.906Z",1.07834,1.0784
"exness","EURUSD","2023-06-09 01:41:40.000Z",1.07834,1.07839
"exness","EURUSD","2023-06-09 01:41:42.790Z",1.07833,1.07839
"exness","EURUSD","2023-06-09 01:42:02.416Z",1.07835,1.07841
"exness","EURUSD","2023-06-09 01:42:04.461Z",1.07837,1.07842
"exness","EURUSD","2023-06-09 01:42:22.600Z",1.0783800000000001,1.07845
"exness","EURUSD","2023-06-09 01:42:22.703Z",1.0784,1.07846
"exness","EURUSD","2023-06-09 01:42:25.655Z",1.07842,1.07847
"exness","EURUSD","2023-06-09 01:42:39.309Z",1.0784,1.07846
"exness","EURUSD","2023-06-09 01:42:46.993Z",1.0783800000000001,1.07845
"exness","EURUSD","2023-06-09 01:42:47.675Z",1.0783800000000001,1.07843
"exness","EURUSD","2023-06-09 01:42:47.689Z",1.07837,1.07843
"exness","EURUSD","2023-06-09 01:42:47.708Z",1.07835,1.07841
"exness","EURUSD","2023-06-09 01:42:48.761Z",1.07834,1.0784
"exness","EURUSD","2023-06-09 01:43:02.910Z",1.07836,1.07842
"exness","EURUSD","2023-06-09 01:43:02.930Z",1.07837,1.07843
"exness","EURUSD","2023-06-09 01:43:04.081Z",1.0783800000000001,1.07843
"exness","EURUSD","2023-06-09 01:43:07.075Z",1.0783800000000001,1.07845
"exness","EURUSD","2023-06-09 01:43:08.351Z",1.07839,1.07846
"exness","EURUSD","2023-06-09 01:43:20.215Z",1.0783800000000001,1.07845
"exness","EURUSD","2023-06-09 01:43:39.191Z",1.0783800000000001,1.07843
"exness","EURUSD","2023-06-09 01:43:44.467Z",1.07837,1.07843
"exness","EURUSD","2023-06-09 01:43:45.982Z",1.07835,1.07842
"exness","EURUSD","2023-06-09 01:43:46.080Z",1.07834,1.0784
"exness","EURUSD","2023-06-09 01:43:46.175Z",1.07832,1.07839
"exness","EURUSD","2023-06-09 01:43:46.240Z",1.07832,1.07837
"exness","EURUSD","2023-06-09 01:43:49.437Z",1.07831,1.07837
"exness","EURUSD","2023-06-09 01:43:54.003Z",1.07832,1.0783800000000001
"exness","EURUSD","2023-06-09 01:43:56.232Z",1.07831,1.07837
"exness","EURUSD","2023-06-09 01:43:56.793Z",1.0783,1.07836
"exness","EURUSD","2023-06-09 01:43:56.819Z",1.07829,1.07834
"exness","EURUSD","2023-06-09 01:43:56.834Z",1.07828,1.07834
"exness","EURUSD","2023-06-09 01:43:56.864Z",1.07826,1.07832
"exness","EURUSD","2023-06-09 01:43:56.871Z",1.07824,1.07831
"exness","EURUSD","2023-06-09 01:43:57.802Z",1.07824,1.07829
"exness","EURUSD","2023-06-09 01:44:01.182Z",1.07823,1.07829
"exness","EURUSD","2023-06-09 01:44:02.064Z",1.07821,1.07827
"exness","EURUSD","2023-06-09 01:44:02.082Z",1.07819,1.07825
"exness","EURUSD","2023-06-09 01:44:02.107Z",1.07819,1.07824
"exness","EURUSD","2023-06-09 01:44:03.619Z",1.07817,1.07823
"exness","EURUSD","2023-06-09 01:44:03.701Z",1.07815,1.07821
"exness","EURUSD","2023-06-09 01:44:03.731Z",1.07814,1.0782
"exness","EURUSD","2023-06-09 01:44:03.767Z",1.07812,1.07818
"exness","EURUSD","2023-06-09 01:44:05.147Z",1.07811,1.07817
"exness","EURUSD","2023-06-09 01:44:08.738Z",1.07812,1.07818
"exness","EURUSD","2023-06-09 01:44:12.041Z",1.07811,1.07817
"exness","EURUSD","2023-06-09 01:44:17.895Z",1.07812,1.07817
"exness","EURUSD","2023-06-09 01:44:21.409Z",1.07813,1.07819
"exness","EURUSD","2023-06-09 01:44:23.653Z",1.07811,1.07817
"exness","EURUSD","2023-06-09 01:44:26.295Z",1.07813,1.07819
"exness","EURUSD","2023-06-09 01:44:26.355Z",1.07814,1.07821
"exness","EURUSD","2023-06-09 01:44:27.030Z",1.07816,1.07822
"exness","EURUSD","2023-06-09 01:44:29.458Z",1.07814,1.0782
"exness","EURUSD","2023-06-09 01:44:30.127Z",1.07813,1.07818
"exness","EURUSD","2023-06-09 01:44:30.291Z",1.07811,1.07818
"exness","EURUSD","2023-06-09 01:44:34.618Z",1.0781,1.07816
"exness","EURUSD","2023-06-09 01:44:36.552Z",1.07809,1.07814
"exness","EURUSD","2023-06-09 01:44:37.565Z",1.07809,1.07815
"exness","EURUSD","2023-06-09 01:44:37.606Z",1.07811,1.07816
"exness","EURUSD","2023-06-09 01:44:44.492Z",1.07811,1.07817
"exness","EURUSD","2023-06-09 01:44:53.365Z",1.0781,1.07816
"exness","EURUSD","2023-06-09 01:44:53.388Z",1.07808,1.07815
"exness","EURUSD","2023-06-09 01:44:53.424Z",1.07807,1.07813
"exness","EURUSD","2023-06-09 01:44:55.028Z",1.07808,1.07814
"exness","EURUSD","2023-06-09 01:44:58.581Z",1.07809,1.07816
"exness","EURUSD","2023-06-09 01:44:59.738Z",1.07808,1.07815
"exness","EURUSD","2023-06-09 01:45:10.936Z",1.0781,1.07817
"exness","EURUSD","2023-06-09 01:45:18.509Z",1.07809,1.07815
"exness","EURUSD","2023-06-09 01:45:18.883Z",1.07807,1.07814
"exness","EURUSD","2023-06-09 01:45:20.948Z",1.07806,1.07812
"exness","EURUSD","2023-06-09 01:45:21.191Z",1.07808,1.07814
"exness","EURUSD","2023-06-09 01:45:23.982Z",1.07808,1.07813
"exness","EURUSD","2023-06-09 01:45:34.374Z",1.07808,1.07814
"exness","EURUSD","2023-06-09 01:45:34.497Z",1.0781,1.07815
"exness","EURUSD","2023-06-09 01:45:36.724Z",1.07808,1.07814
"exness","EURUSD","2023-06-09 01:45:42.612Z",1.07807,1.07813
"exness","EURUSD","2023-06-09 01:46:04.133Z",1.07806,1.07811
"exness","EURUSD","2023-06-09 01:46:04.780Z",1.07805,1.07811
"exness","EURUSD","2023-06-09 01:46:08.027Z",1.07806,1.07812
"exness","EURUSD","2023-06-09 01:46:13.287Z",1.07807,1.07812
"exness","EURUSD","2023-06-09 01:46:15.738Z",1.07808,1.07814
"exness","EURUSD","2023-06-09 01:46:15.764Z",1.07809,1.07815
"exness","EURUSD","2023-06-09 01:46:16.461Z",1.07811,1.07816
"exness","EURUSD","2023-06-09 01:46:17.156Z",1.07809,1.07815
"exness","EURUSD","2023-06-09 01:46:21.238Z",1.07808,1.07814
"exness","EURUSD","2023-06-09 01:46:30.028Z",1.0781,1.07816
"exness","EURUSD","2023-06-09 01:46:30.522Z",1.07811,1.07818
"exness","EURUSD","2023-06-09 01:46:34.294Z",1.07813,1.07819
"exness","EURUSD","2023-06-09 01:46:37.278Z",1.07814,1.0782
"exness","EURUSD","2023-06-09 01:46:40.095Z",1.07815,1.07822
"exness","EURUSD","2023-06-09 01:46:47.112Z",1.07817,1.07823
"exness","EURUSD","2023-06-09 01:46:47.960Z",1.07818,1.07823
"exness","EURUSD","2023-06-09 01:47:03.324Z",1.07818,1.07824
"exness","EURUSD","2023-06-09 01:47:03.413Z",1.07819,1.07826
"exness","EURUSD","2023-06-09 01:47:03.460Z",1.07821,1.07827
"exness","EURUSD","2023-06-09 01:47:04.189Z",1.07823,1.07829
"exness","EURUSD","2023-06-09 01:47:04.339Z",1.07824,1.07829
"exness","EURUSD","2023-06-09 01:47:04.556Z",1.07823,1.07829
"exness","EURUSD","2023-06-09 01:47:10.803Z",1.07821,1.07828
"exness","EURUSD","2023-06-09 01:47:30.144Z",1.0782,1.07826
"exness","EURUSD","2023-06-09 01:47:30.182Z",1.07818,1.07824
"exness","EURUSD","2023-06-09 01:47:31.021Z",1.0782,1.07826
"exness","EURUSD","2023-06-09 01:47:33.215Z",1.07822,1.07827
"exness","EURUSD","2023-06-09 01:47:41.640Z",1.07821,1.07827
"exness","EURUSD","2023-06-09 01:47:47.694Z",1.0782,1.07826
"exness","EURUSD","2023-06-09 01:47:59.564Z",1.07819,1.07825
"exness","EURUSD","2023-06-09 01:48:10.498Z",1.0782,1.07826
"exness","EURUSD","2023-06-09 01:48:18.191Z",1.07821,1.07828
"exness","EURUSD","2023-06-09 01:48:24.568Z",1.0782,1.07826
"exness","EURUSD","2023-06-09 01:48:29.282Z",1.07819,1.07825
"exness","EURUSD","2023-06-09 01:48:34.463Z",1.07821,1.07827
"exness","EURUSD","2023-06-09 01:48:37.132Z",1.07822,1.07827
"exness","EURUSD","2023-06-09 01:48:37.584Z",1.07822,1.07829
"exness","EURUSD","2023-06-09 01:48:38.523Z",1.07821,1.07827
"exness","EURUSD","2023-06-09 01:49:02.774Z",1.07822,1.07828
"exness","EURUSD","2023-06-09 01:49:04.280Z",1.07823,1.0783
"exness","EURUSD","2023-06-09 01:49:12.654Z",1.07825,1.07831
"exness","EURUSD","2023-06-09 01:49:16.849Z",1.07827,1.07833
"exness","EURUSD","2023-06-09 01:49:17.104Z",1.07828,1.07833
"exness","EURUSD","2023-06-09 01:49:19.208Z",1.07827,1.07833
"exness","EURUSD","2023-06-09 01:49:27.307Z",1.07827,1.07832
"exness","EURUSD","2023-06-09 01:49:27.332Z",1.07825,1.07831
"exness","EURUSD","2023-06-09 01:49:27.403Z",1.07823,1.07829
"exness","EURUSD","2023-06-09 01:49:30.253Z",1.07823,1.07828
"exness","EURUSD","2023-06-09 01:49:39.830Z",1.07822,1.07828
"exness","EURUSD","2023-06-09 01:49:53.373Z",1.07823,1.07829
"exness","EURUSD","2023-06-09 01:50:01.977Z",1.07825,1.07831
"exness","EURUSD","2023-06-09 01:50:03.814Z",1.07823,1.0783
"exness","EURUSD","2023-06-09 01:50:05.950Z",1.07823,1.07828
"exness","EURUSD","2023-06-09 01:50:06.940Z",1.07824,1.0783
"exness","EURUSD","2023-06-09 01:50:08.249Z",1.07825,1.07831
"exness","EURUSD","2023-06-09 01:50:08.349Z",1.07827,1.07832
"exness","EURUSD","2023-06-09 01:50:11.108Z",1.07827,1.07833
"exness","EURUSD","2023-06-09 01:50:12.806Z",1.07829,1.07834
"exness","EURUSD","2023-06-09 01:50:14.884Z",1.07827,1.07834
"exness","EURUSD","2023-06-09 01:50:35.243Z",1.07829,1.07835
"exness","EURUSD","2023-06-09 01:50:36.778Z",1.07831,1.07836
"exness","EURUSD","2023-06-09 01:50:43.590Z",1.07829,1.07835
"exness","EURUSD","2023-06-09 01:50:48.998Z",1.07828,1.07834
"exness","EURUSD","2023-06-09 01:50:51.418Z",1.07827,1.07832
"exness","EURUSD","2023-06-09 01:50:54.511Z",1.07826,1.07832
