"Exness","Symbol","Timestamp","Bid","Ask"
"exness","EURUSD","2023-06-19 00:00:00.132Z",1.09396,1.09401
"exness","EURUSD","2023-06-19 00:00:02.482Z",1.09396,1.09402
"exness","EURUSD","2023-06-19 00:00:04.361Z",1.09396,1.09401
"exness","EURUSD","2023-06-19 00:00:05.385Z",1.09394,1.094
"exness","EURUSD","2023-06-19 00:00:07.914Z",1.09395,1.09402
"exness","EURUSD","2023-06-19 00:00:08.391Z",1.09397,1.09403
"exness","EURUSD","2023-06-19 00:00:09.444Z",1.09398,1.09404
"exness","EURUSD","2023-06-19 00:00:10.433Z",1.09399,1.09405
"exness","EURUSD","2023-06-19 00:00:10.462Z",1.09401,1.09407
"exness","EURUSD","2023-06-19 00:00:10.518Z",1.09402,1.09408
"exness","EURUSD","2023-06-19 00:00:13.577Z",1.09402,1.09407
"exness","EURUSD","2023-06-19 00:00:16.214Z",1.094,1.09407
"exness","EURUSD","2023-06-19 00:00:17.258Z",1.09401,1.09407
"exness","EURUSD","2023-06-19 00:00:21.007Z",1.09401,1.09408
"exness","EURUSD","2023-06-19 00:00:22.795Z",1.094,1.09406
"exness","EURUSD","2023-06-19 00:00:24.122Z",1.09399,1.09405
"exness","EURUSD","2023-06-19 00:00:25.411Z",1.09398,1.09404
"exness","EURUSD","2023-06-19 00:00:26.807Z",1.09399,1.09404
"exness","EURUSD","2023-06-19 00:00:32.149Z",1.09399,1.09405
"exness","EURUSD","2023-06-19 00:00:32.552Z",1.09401,1.09407
"exness","EURUSD","2023-06-19 00:00:33.579Z",1.09402,1.09408
"exness","EURUSD","2023-06-19 00:00:34.675Z",1.09402,1.09407
"exness","EURUSD","2023-06-19 00:00:36.348Z",1.09402,1.09408
"exness","EURUSD","2023-06-19 00:00:42.334Z",1.09401,1.09407
"exness","EURUSD","2023-06-19 00:00:42.843Z",1.094,1.09405
"exness","EURUSD","2023-06-19 00:00:43.946Z",1.09399,1.09406
"exness","EURUSD","2023-06-19 00:00:44.949Z",1.09401,1.09407
"exness","EURUSD","2023-06-19 00:00:47.295Z",1.09402,1.09408
"exness","EURUSD","2023-06-19 00:00:48.512Z",1.09402,1.09407
"exness","EURUSD","2023-06-19 00:00:53.965Z",1.09402,1.09408
"exness","EURUSD","2023-06-19 00:00:56.115Z",1.09403,1.09408
"exness","EURUSD","2023-06-19 00:00:57.125Z",1.09401,1.09408
"exness","EURUSD","2023-06-19 00:01:00.508Z",1.09401,1.09407
"exness","EURUSD","2023-06-19 00:01:01.112Z",1.094,1.09406
"exness","EURUSD","2023-06-19 00:01:01.125Z",1.09398,1.09404
"exness","EURUSD","2023-06-19 00:01:01.149Z",1.09397,1.09403
"exness","EURUSD","2023-06-19 00:01:01.562Z",1.09395,1.09401
"exness","EURUSD","2023-06-19 00:01:02.646Z",1.09395,1.094
"exness","EURUSD","2023-06-19 00:01:04.127Z",1.09394,1.09401
"exness","EURUSD","2023-06-19 00:01:04.167Z",1.09396,1.09402
"exness","EURUSD","2023-06-19 00:01:04.216Z",1.09398,1.09404
"exness","EURUSD","2023-06-19 00:01:04.240Z",1.09399,1.09405
"exness","EURUSD","2023-06-19 00:01:04.283Z",1.09401,1.09406
"exness","EURUSD","2023-06-19 00:01:05.389Z",1.09402,1.09407
"exness","EURUSD","2023-06-19 00:01:06.530Z",1.09401,1.09407
"exness","EURUSD","2023-06-19 00:01:07.791Z",1.09402,1.09408
"exness","EURUSD","2023-06-19 00:01:15.400Z",1.09401,1.09407
"exness","EURUSD","2023-06-19 00:01:16.836Z",1.09401,1.09408
"exness","EURUSD","2023-06-19 00:01:27.049Z",1.09402,1.09408
"exness","EURUSD","2023-06-19 00:01:34.330Z",1.09402,1.09409
"exness","EURUSD","2023-06-19 00:01:34.667Z",1.09404,1.0941
"exness","EURUSD","2023-06-19 00:01:35.751Z",1.09405,1.09411
"exness","EURUSD","2023-06-19 00:01:43.464Z",1.09406,1.09411
"exness","EURUSD","2023-06-19 00:01:46.408Z",1.09405,1.09411
"exness","EURUSD","2023-06-19 00:01:48.105Z",1.09403,1.09409
"exness","EURUSD","2023-06-19 00:01:49.105Z",1.09402,1.09408
"exness","EURUSD","2023-06-19 00:01:52.037Z",1.09403,1.09408
"exness","EURUSD","2023-06-19 00:01:53.062Z",1.09402,1.09407
"exness","EURUSD","2023-06-19 00:01:54.403Z",1.09402,1.09408
"exness","EURUSD","2023-06-19 00:01:57.177Z",1.09401,1.09408
"exness","EURUSD","2023-06-19 00:01:58.784Z",1.09402,1.09407
"exness","EURUSD","2023-06-19 00:02:00.854Z",1.09401,1.09407
"exness","EURUSD","2023-06-19 00:02:02.187Z",1.09403,1.09408
"exness","EURUSD","2023-06-19 00:02:05.578Z",1.09402,1.09408
"exness","EURUSD","2023-06-19 00:02:09.616Z",1.09403,1.0941
"exness","EURUSD","2023-06-19 00:02:09.636Z",1.09405,1.09411
"exness","EURUSD","2023-06-19 00:02:09.681Z",1.09407,1.09413
"exness","EURUSD","2023-06-19 00:02:09.712Z",1.09408,1.09415
"exness","EURUSD","2023-06-19 00:02:10.202Z",1.0941,1.09416
"exness","EURUSD","2023-06-19 00:02:10.223Z",1.09411,1.09416
"exness","EURUSD","2023-06-19 00:02:10.688Z",1.09412,1.09418
"exness","EURUSD","2023-06-19 00:02:10.743Z",1.09413,1.09419
"exness","EURUSD","2023-06-19 00:02:11.272Z",1.09415,1.09421
"exness","EURUSD","2023-06-19 00:02:11.280Z",1.09416,1.09423
"exness","EURUSD","2023-06-19 00:02:11.500Z",1.09418,1.09424
"exness","EURUSD","2023-06-19 00:02:12.308Z",1.09419,1.09424
"exness","EURUSD","2023-06-19 00:02:13.651Z",1.09418,1.09425
"exness","EURUSD","2023-06-19 00:02:13.898Z",1.0942,1.09426
"exness","EURUSD","2023-06-19 00:02:13.929Z",1.09422,1.09428
"exness","EURUSD","2023-06-19 00:02:13.935Z",1.09423,1.09429
"exness","EURUSD","2023-06-19 00:02:14.270Z",1.09425,1.0943100000000001
"exness","EURUSD","2023-06-19 00:02:14.307Z",1.09426,1.0943100000000001
"exness","EURUSD","2023-06-19 00:02:14.318Z",1.09427,1.09433
"exness","EURUSD","2023-06-19 00:02:14.776Z",1.09429,1.09435
"exness","EURUSD","2023-06-19 00:02:14.788Z",1.0943,1.09436
"exness","EURUSD","2023-06-19 00:02:14.812Z",1.09432,1.09438
"exness","EURUSD","2023-06-19 00:02:14.935Z",1.09434,1.0944
"exness","EURUSD","2023-06-19 00:02:16.607Z",1.09432,1.09438
"exness","EURUSD","2023-06-19 00:02:17.032Z",1.0943100000000001,1.09437
"exness","EURUSD","2023-06-19 00:02:17.047Z",1.09429,1.09435
"exness","EURUSD","2023-06-19 00:02:17.093Z",1.0943,1.09437
"exness","EURUSD","2023-06-19 00:02:17.118Z",1.09432,1.09437
"exness","EURUSD","2023-06-19 00:02:17.524Z",1.09432,1.09439
"exness","EURUSD","2023-06-19 00:02:17.580Z",1.09434,1.09439
"exness","EURUSD","2023-06-19 00:02:17.759Z",1.09434,1.0944
"exness","EURUSD","2023-06-19 00:02:17.773Z",1.09436,1.09442
"exness","EURUSD","2023-06-19 00:02:17.792Z",1.09437,1.09444
"exness","EURUSD","2023-06-19 00:02:17.846Z",1.09439,1.09445
"exness","EURUSD","2023-06-19 00:02:19.095Z",1.0944,1.09445
"exness","EURUSD","2023-06-19 00:02:20.242Z",1.0944,1.09446
"exness","EURUSD","2023-06-19 00:02:21.922Z",1.0944099999999999,1.09447
"exness","EURUSD","2023-06-19 00:02:21.945Z",1.09443,1.09449
"exness","EURUSD","2023-06-19 00:02:23.317Z",1.09444,1.09451
"exness","EURUSD","2023-06-19 00:02:24.743Z",1.09443,1.09449
"exness","EURUSD","2023-06-19 00:02:24.960Z",1.09442,1.09447
"exness","EURUSD","2023-06-19 00:02:29.902Z",1.09442,1.09448
"exness","EURUSD","2023-06-19 00:02:37.942Z",1.0944,1.09446
"exness","EURUSD","2023-06-19 00:02:37.956Z",1.09439,1.09445
"exness","EURUSD","2023-06-19 00:02:37.972Z",1.09437,1.09443
"exness","EURUSD","2023-06-19 00:02:38.006Z",1.09435,1.09442
"exness","EURUSD","2023-06-19 00:02:38.026Z",1.09434,1.0944
"exness","EURUSD","2023-06-19 00:02:38.142Z",1.09432,1.09438
"exness","EURUSD","2023-06-19 00:02:38.176Z",1.0943,1.09437
"exness","EURUSD","2023-06-19 00:02:38.686Z",1.0943,1.09435
"exness","EURUSD","2023-06-19 00:02:39.567Z",1.09429,1.09435
"exness","EURUSD","2023-06-19 00:02:39.577Z",1.09427,1.09433
"exness","EURUSD","2023-06-19 00:02:41.031Z",1.09428,1.09433
"exness","EURUSD","2023-06-19 00:02:42.057Z",1.09427,1.09434
"exness","EURUSD","2023-06-19 00:02:42.326Z",1.09426,1.09432
"exness","EURUSD","2023-06-19 00:02:42.573Z",1.09424,1.0943
"exness","EURUSD","2023-06-19 00:02:42.686Z",1.09423,1.09429
"exness","EURUSD","2023-06-19 00:02:42.698Z",1.09421,1.09427
"exness","EURUSD","2023-06-19 00:02:43.816Z",1.09422,1.09427
"exness","EURUSD","2023-06-19 00:02:45.308Z",1.09421,1.09428
"exness","EURUSD","2023-06-19 00:02:46.306Z",1.09422,1.09428
"exness","EURUSD","2023-06-19 00:02:49.372Z",1.09422,1.09429
"exness","EURUSD","2023-06-19 00:02:52.632Z",1.09423,1.09429
"exness","EURUSD","2023-06-19 00:02:54.645Z",1.09424,1.0943
"exness","EURUSD","2023-06-19 00:02:54.664Z",1.09425,1.0943100000000001
"exness","EURUSD","2023-06-19 00:02:55.127Z",1.09427,1.09433
"exness","EURUSD","2023-06-19 00:02:56.888Z",1.09428,1.09433
"exness","EURUSD","2023-06-19 00:03:00.380Z",1.09428,1.09434
"exness","EURUSD","2023-06-19 00:03:01.396Z",1.09429,1.09435
"exness","EURUSD","2023-06-19 00:03:02.400Z",1.0943,1.09436
"exness","EURUSD","2023-06-19 00:03:02.568Z",1.0943100000000001,1.09438
"exness","EURUSD","2023-06-19 00:03:03.275Z",1.09433,1.09439
"exness","EURUSD","2023-06-19 00:03:04.278Z",1.09434,1.09439
"exness","EURUSD","2023-06-19 00:03:06.030Z",1.09434,1.0944
"exness","EURUSD","2023-06-19 00:03:06.038Z",1.09436,1.09442
"exness","EURUSD","2023-06-19 00:03:06.096Z",1.09434,1.0944
"exness","EURUSD","2023-06-19 00:03:09.858Z",1.09432,1.09438
"exness","EURUSD","2023-06-19 00:03:09.908Z",1.0943100000000001,1.09437
"exness","EURUSD","2023-06-19 00:03:10.206Z",1.09429,1.09435
"exness","EURUSD","2023-06-19 00:03:10.240Z",1.09427,1.09434
"exness","EURUSD","2023-06-19 00:03:11.701Z",1.09429,1.09434
"exness","EURUSD","2023-06-19 00:03:11.714Z",1.0943,1.09436
"exness","EURUSD","2023-06-19 00:03:12.212Z",1.09432,1.09437
"exness","EURUSD","2023-06-19 00:03:13.228Z",1.0943100000000001,1.09438
"exness","EURUSD","2023-06-19 00:03:14.304Z",1.09432,1.09438
"exness","EURUSD","2023-06-19 00:03:23.307Z",1.09433,1.0944
"exness","EURUSD","2023-06-19 00:03:24.390Z",1.09434,1.0944099999999999
"exness","EURUSD","2023-06-19 00:03:25.681Z",1.09436,1.0944099999999999
"exness","EURUSD","2023-06-19 00:03:33.919Z",1.09435,1.0944099999999999
"exness","EURUSD","2023-06-19 00:03:34.706Z",1.09436,1.09443
"exness","EURUSD","2023-06-19 00:03:35.745Z",1.09437,1.09443
"exness","EURUSD","2023-06-19 00:03:36.236Z",1.09439,1.09445
"exness","EURUSD","2023-06-19 00:03:38.023Z",1.0944,1.09446
"exness","EURUSD","2023-06-19 00:03:40.672Z",1.0944,1.09445
"exness","EURUSD","2023-06-19 00:03:41.669Z",1.09439,1.09444
"exness","EURUSD","2023-06-19 00:03:42.465Z",1.09438,1.09444
"exness","EURUSD","2023-06-19 00:03:42.585Z",1.09437,1.09442
"exness","EURUSD","2023-06-19 00:03:43.594Z",1.09437,1.09443
"exness","EURUSD","2023-06-19 00:03:44.218Z",1.09438,1.09445
"exness","EURUSD","2023-06-19 00:03:44.239Z",1.0944,1.09446
"exness","EURUSD","2023-06-19 00:03:44.295Z",1.0944099999999999,1.09446
"exness","EURUSD","2023-06-19 00:03:45.965Z",1.0944,1.09445
"exness","EURUSD","2023-06-19 00:03:47.941Z",1.0944099999999999,1.09447
"exness","EURUSD","2023-06-19 00:03:47.975Z",1.09442,1.09449
"exness","EURUSD","2023-06-19 00:03:48.780Z",1.09444,1.09449
"exness","EURUSD","2023-06-19 00:03:51.030Z",1.09443,1.09449
"exness","EURUSD","2023-06-19 00:03:51.079Z",1.0944099999999999,1.09447
"exness","EURUSD","2023-06-19 00:03:51.620Z",1.09443,1.09448
"exness","EURUSD","2023-06-19 00:03:51.813Z",1.09444,1.09449
"exness","EURUSD","2023-06-19 00:03:52.181Z",1.09444,1.0945
"exness","EURUSD","2023-06-19 00:03:52.200Z",1.09446,1.09452
"exness","EURUSD","2023-06-19 00:03:52.250Z",1.09447,1.09454
"exness","EURUSD","2023-06-19 00:03:53.253Z",1.09448,1.09454
"exness","EURUSD","2023-06-19 00:03:53.887Z",1.09449,1.09456
"exness","EURUSD","2023-06-19 00:03:53.964Z",1.09451,1.09456
"exness","EURUSD","2023-06-19 00:03:55.185Z",1.0945,1.09457
"exness","EURUSD","2023-06-19 00:03:56.801Z",1.09449,1.09456
"exness","EURUSD","2023-06-19 00:03:57.030Z",1.09448,1.09454
"exness","EURUSD","2023-06-19 00:03:58.095Z",1.09449,1.09455
"exness","EURUSD","2023-06-19 00:04:01.877Z",1.09449,1.09456
"exness","EURUSD","2023-06-19 00:04:02.937Z",1.09449,1.09455
"exness","EURUSD","2023-06-19 00:04:03.535Z",1.09451,1.09457
"exness","EURUSD","2023-06-19 00:04:03.581Z",1.09452,1.09459
"exness","EURUSD","2023-06-19 00:04:03.708Z",1.09454,1.09461
"exness","EURUSD","2023-06-19 00:04:03.745Z",1.09456,1.09461
"exness","EURUSD","2023-06-19 00:04:04.518Z",1.09454,1.0946
"exness","EURUSD","2023-06-19 00:04:04.544Z",1.09453,1.09459
"exness","EURUSD","2023-06-19 00:04:05.546Z",1.09452,1.09458
"exness","EURUSD","2023-06-19 00:04:08.139Z",1.0945,1.09456
"exness","EURUSD","2023-06-19 00:04:09.196Z",1.09451,1.09457
"exness","EURUSD","2023-06-19 00:04:10.819Z",1.09451,1.09458
"exness","EURUSD","2023-06-19 00:04:11.949Z",1.09452,1.09458
"exness","EURUSD","2023-06-19 00:04:14.834Z",1.0945,1.09456
"exness","EURUSD","2023-06-19 00:04:15.106Z",1.09449,1.09455
"exness","EURUSD","2023-06-19 00:04:15.293Z",1.09448,1.09453
"exness","EURUSD","2023-06-19 00:04:20.119Z",1.09447,1.09452
"exness","EURUSD","2023-06-19 00:04:23.149Z",1.09447,1.09453
"exness","EURUSD","2023-06-19 00:04:27.346Z",1.09447,1.09454
"exness","EURUSD","2023-06-19 00:04:28.404Z",1.09448,1.09454
"exness","EURUSD","2023-06-19 00:04:29.455Z",1.09449,1.09454
"exness","EURUSD","2023-06-19 00:04:33.518Z",1.09449,1.09455
"exness","EURUSD","2023-06-19 00:04:47.795Z",1.09447,1.09453
"exness","EURUSD","2023-06-19 00:04:47.816Z",1.09446,1.09452
"exness","EURUSD","2023-06-19 00:04:49.451Z",1.09444,1.09451
"exness","EURUSD","2023-06-19 00:04:50.448Z",1.09444,1.0945
"exness","EURUSD","2023-06-19 00:05:01.428Z",1.09442,1.09448
"exness","EURUSD","2023-06-19 00:05:01.481Z",1.0944099999999999,1.09447
"exness","EURUSD","2023-06-19 00:05:01.827Z",1.09439,1.09445
"exness","EURUSD","2023-06-19 00:05:03.011Z",1.09439,1.09444
"exness","EURUSD","2023-06-19 00:05:04.016Z",1.09439,1.09445
"exness","EURUSD","2023-06-19 00:05:14.745Z",1.09438,1.09444
"exness","EURUSD","2023-06-19 00:05:18.107Z",1.09439,1.09444
"exness","EURUSD","2023-06-19 00:05:19.516Z",1.09438,1.09445
"exness","EURUSD","2023-06-19 00:05:22.818Z",1.09439,1.09444
"exness","EURUSD","2023-06-19 00:05:24.846Z",1.0944,1.09446
"exness","EURUSD","2023-06-19 00:05:24.879Z",1.09442,1.09448
"exness","EURUSD","2023-06-19 00:05:25.012Z",1.09443,1.09449
"exness","EURUSD","2023-06-19 00:05:26.063Z",1.09444,1.0945
"exness","EURUSD","2023-06-19 00:05:29.804Z",1.09445,1.09451
"exness","EURUSD","2023-06-19 00:05:34.794Z",1.09447,1.09453
"exness","EURUSD","2023-06-19 00:05:34.827Z",1.09448,1.09455
"exness","EURUSD","2023-06-19 00:05:35.921Z",1.09449,1.09454
"exness","EURUSD","2023-06-19 00:05:42.165Z",1.09448,1.09454
"exness","EURUSD","2023-06-19 00:05:48.688Z",1.0945,1.09456
"exness","EURUSD","2023-06-19 00:05:52.318Z",1.09452,1.09458
"exness","EURUSD","2023-06-19 00:05:52.546Z",1.09454,1.09459
"exness","EURUSD","2023-06-19 00:06:01.009Z",1.09454,1.09461
"exness","EURUSD","2023-06-19 00:06:01.045Z",1.09456,1.09462
"exness","EURUSD","2023-06-19 00:06:01.071Z",1.09457,1.09464
"exness","EURUSD","2023-06-19 00:06:01.103Z",1.09459,1.09465
"exness","EURUSD","2023-06-19 00:06:01.119Z",1.09461,1.09467
"exness","EURUSD","2023-06-19 00:06:01.796Z",1.0946,1.09465
"exness","EURUSD","2023-06-19 00:06:02.305Z",1.09459,1.09465
"exness","EURUSD","2023-06-19 00:06:04.036Z",1.09457,1.09463
"exness","EURUSD","2023-06-19 00:06:04.209Z",1.09455,1.09462
"exness","EURUSD","2023-06-19 00:06:04.212Z",1.09454,1.0946
"exness","EURUSD","2023-06-19 00:06:05.314Z",1.09455,1.0946
"exness","EURUSD","2023-06-19 00:06:06.328Z",1.09455,1.09461
"exness","EURUSD","2023-06-19 00:06:06.733Z",1.09456,1.09462
"exness","EURUSD","2023-06-19 00:06:08.488Z",1.09457,1.09463
"exness","EURUSD","2023-06-19 00:06:10.626Z",1.09456,1.09462
"exness","EURUSD","2023-06-19 00:06:12.215Z",1.09455,1.09461
"exness","EURUSD","2023-06-19 00:06:12.375Z",1.09457,1.09462
"exness","EURUSD","2023-06-19 00:06:15.079Z",1.09455,1.09461
"exness","EURUSD","2023-06-19 00:06:15.183Z",1.09454,1.0946
"exness","EURUSD","2023-06-19 00:06:16.202Z",1.09452,1.09458
"exness","EURUSD","2023-06-19 00:06:17.241Z",1.09453,1.09458
"exness","EURUSD","2023-06-19 00:06:18.324Z",1.09452,1.09459
"exness","EURUSD","2023-06-19 00:06:20.987Z",1.09453,1.09459
"exness","EURUSD","2023-06-19 00:06:22.169Z",1.09454,1.0946
"exness","EURUSD","2023-06-19 00:06:24.643Z",1.09454,1.09459
"exness","EURUSD","2023-06-19 00:06:28.604Z",1.09454,1.0946
"exness","EURUSD","2023-06-19 00:06:29.761Z",1.09453,1.09459
"exness","EURUSD","2023-06-19 00:06:30.762Z",1.09453,1.0946
"exness","EURUSD","2023-06-19 00:06:31.824Z",1.09454,1.0946
"exness","EURUSD","2023-06-19 00:06:32.982Z",1.09454,1.09461
"exness","EURUSD","2023-06-19 00:06:34.063Z",1.09454,1.0946
"exness","EURUSD","2023-06-19 00:06:37.004Z",1.09452,1.09459
"exness","EURUSD","2023-06-19 00:06:38.664Z",1.09452,1.09458
"exness","EURUSD","2023-06-19 00:06:40.166Z",1.09452,1.09457
"exness","EURUSD","2023-06-19 00:06:41.189Z",1.09452,1.09458
"exness","EURUSD","2023-06-19 00:06:42.207Z",1.09451,1.09458
"exness","EURUSD","2023-06-19 00:06:43.479Z",1.09452,1.09458
"exness","EURUSD","2023-06-19 00:06:44.645Z",1.09453,1.09459
"exness","EURUSD","2023-06-19 00:06:47.421Z",1.09454,1.09459
"exness","EURUSD","2023-06-19 00:06:50.634Z",1.09452,1.09458
"exness","EURUSD","2023-06-19 00:06:51.785Z",1.09452,1.09457
"exness","EURUSD","2023-06-19 00:06:52.427Z",1.09451,1.09457
"exness","EURUSD","2023-06-19 00:06:52.990Z",1.09449,1.09455
"exness","EURUSD","2023-06-19 00:06:53.271Z",1.09448,1.09454
"exness","EURUSD","2023-06-19 00:06:54.668Z",1.09448,1.09453
"exness","EURUSD","2023-06-19 00:07:00.843Z",1.09446,1.09452
"exness","EURUSD","2023-06-19 00:07:06.009Z",1.09447,1.09453
"exness","EURUSD","2023-06-19 00:07:09.801Z",1.09448,1.09455
"exness","EURUSD","2023-06-19 00:07:11.082Z",1.09449,1.09454
"exness","EURUSD","2023-06-19 00:07:12.112Z",1.09449,1.09455
"exness","EURUSD","2023-06-19 00:07:16.081Z",1.0945,1.09457
"exness","EURUSD","2023-06-19 00:07:16.429Z",1.09452,1.09457
"exness","EURUSD","2023-06-19 00:07:20.195Z",1.0945,1.09457
"exness","EURUSD","2023-06-19 00:07:21.615Z",1.09449,1.09455
"exness","EURUSD","2023-06-19 00:07:22.714Z",1.0945,1.09455
"exness","EURUSD","2023-06-19 00:07:26.192Z",1.09449,1.09455
"exness","EURUSD","2023-06-19 00:07:26.925Z",1.09451,1.09457
"exness","EURUSD","2023-06-19 00:07:29.062Z",1.09453,1.09459
"exness","EURUSD","2023-06-19 00:07:29.076Z",1.09454,1.0946
"exness","EURUSD","2023-06-19 00:07:29.103Z",1.09456,1.09462
"exness","EURUSD","2023-06-19 00:07:29.125Z",1.09457,1.09464
"exness","EURUSD","2023-06-19 00:07:29.194Z",1.09459,1.09464
"exness","EURUSD","2023-06-19 00:07:30.293Z",1.09458,1.09465
"exness","EURUSD","2023-06-19 00:07:33.093Z",1.09459,1.09465
"exness","EURUSD","2023-06-19 00:07:36.212Z",1.09458,1.09464
"exness","EURUSD","2023-06-19 00:07:36.223Z",1.09456,1.09462
"exness","EURUSD","2023-06-19 00:07:36.487Z",1.09454,1.09461
"exness","EURUSD","2023-06-19 00:07:37.490Z",1.09455,1.0946
"exness","EURUSD","2023-06-19 00:07:39.274Z",1.09454,1.0946
"exness","EURUSD","2023-06-19 00:07:45.847Z",1.09455,1.09461
"exness","EURUSD","2023-06-19 00:07:53.036Z",1.09454,1.09461
"exness","EURUSD","2023-06-19 00:07:54.503Z",1.09454,1.0946
"exness","EURUSD","2023-06-19 00:07:55.810Z",1.09452,1.09458
"exness","EURUSD","2023-06-19 00:07:55.821Z",1.09451,1.09457
"exness","EURUSD","2023-06-19 00:07:57.281Z",1.09451,1.09458
"exness","EURUSD","2023-06-19 00:07:58.329Z",1.09452,1.09458
"exness","EURUSD","2023-06-19 00:08:06.098Z",1.09452,1.09459
"exness","EURUSD","2023-06-19 00:08:07.583Z",1.09454,1.09459
"exness","EURUSD","2023-06-19 00:08:09.816Z",1.09453,1.0946
"exness","EURUSD","2023-06-19 00:08:11.874Z",1.09454,1.0946
"exness","EURUSD","2023-06-19 00:08:12.527Z",1.09455,1.09462
"exness","EURUSD","2023-06-19 00:08:12.624Z",1.09457,1.09463
"exness","EURUSD","2023-06-19 00:08:13.685Z",1.09458,1.09464
"exness","EURUSD","2023-06-19 00:08:15.938Z",1.09458,1.09465
"exness","EURUSD","2023-06-19 00:08:17.710Z",1.09459,1.09464
"exness","EURUSD","2023-06-19 00:08:20.901Z",1.09459,1.09465
"exness","EURUSD","2023-06-19 00:08:23.541Z",1.09458,1.09465
"exness","EURUSD","2023-06-19 00:08:30.437Z",1.09458,1.09464
"exness","EURUSD","2023-06-19 00:08:32.354Z",1.09458,1.09465
"exness","EURUSD","2023-06-19 00:08:33.401Z",1.09459,1.09465
"exness","EURUSD","2023-06-19 00:08:33.675Z",1.09457,1.09463
"exness","EURUSD","2023-06-19 00:08:35.395Z",1.09456,1.09463
"exness","EURUSD","2023-06-19 00:08:36.728Z",1.09457,1.09462
"exness","EURUSD","2023-06-19 00:08:36.771Z",1.09455,1.09461
"exness","EURUSD","2023-06-19 00:08:37.110Z",1.09454,1.0946
"exness","EURUSD","2023-06-19 00:08:39.062Z",1.09454,1.09459
"exness","EURUSD","2023-06-19 00:08:39.088Z",1.09452,1.09459
"exness","EURUSD","2023-06-19 00:08:39.126Z",1.09451,1.09457
"exness","EURUSD","2023-06-19 00:08:40.257Z",1.0945,1.09456
"exness","EURUSD","2023-06-19 00:08:41.075Z",1.09452,1.09457
"exness","EURUSD","2023-06-19 00:08:47.522Z",1.09451,1.09458
"exness","EURUSD","2023-06-19 00:08:52.868Z",1.09451,1.09457
"exness","EURUSD","2023-06-19 00:08:55.353Z",1.0945,1.09456
"exness","EURUSD","2023-06-19 00:08:55.378Z",1.09448,1.09454
"exness","EURUSD","2023-06-19 00:08:57.417Z",1.09446,1.09453
"exness","EURUSD","2023-06-19 00:08:58.935Z",1.09447,1.09452
"exness","EURUSD","2023-06-19 00:08:59.530Z",1.09445,1.09452
"exness","EURUSD","2023-06-19 00:09:00.193Z",1.09444,1.0945
"exness","EURUSD","2023-06-19 00:09:02.889Z",1.09444,1.09449
"exness","EURUSD","2023-06-19 00:09:02.917Z",1.09442,1.09448
"exness","EURUSD","2023-06-19 00:09:03.977Z",1.09442,1.09447
"exness","EURUSD","2023-06-19 00:09:05.413Z",1.0944099999999999,1.09448
"exness","EURUSD","2023-06-19 00:09:07.049Z",1.0944,1.09446
"exness","EURUSD","2023-06-19 00:09:07.603Z",1.09438,1.09445
"exness","EURUSD","2023-06-19 00:09:08.708Z",1.09438,1.09444
"exness","EURUSD","2023-06-19 00:09:10.752Z",1.09439,1.09444
"exness","EURUSD","2023-06-19 00:09:14.184Z",1.09437,1.09443
"exness","EURUSD","2023-06-19 00:09:15.532Z",1.09436,1.09442
"exness","EURUSD","2023-06-19 00:09:16.578Z",1.09437,1.09442
"exness","EURUSD","2023-06-19 00:09:16.701Z",1.09435,1.09442
"exness","EURUSD","2023-06-19 00:09:17.909Z",1.09434,1.0944
"exness","EURUSD","2023-06-19 00:09:20.610Z",1.09434,1.09439
"exness","EURUSD","2023-06-19 00:09:21.884Z",1.09433,1.09439
"exness","EURUSD","2023-06-19 00:09:27.531Z",1.0943100000000001,1.09437
"exness","EURUSD","2023-06-19 00:09:28.374Z",1.0943,1.09435
"exness","EURUSD","2023-06-19 00:09:29.096Z",1.0943100000000001,1.09437
"exness","EURUSD","2023-06-19 00:09:29.613Z",1.09432,1.09439
"exness","EURUSD","2023-06-19 00:09:31.730Z",1.09433,1.09438
"exness","EURUSD","2023-06-19 00:09:34.092Z",1.09434,1.0944
"exness","EURUSD","2023-06-19 00:09:34.113Z",1.09435,1.0944099999999999
"exness","EURUSD","2023-06-19 00:09:34.910Z",1.09437,1.09442
"exness","EURUSD","2023-06-19 00:09:38.740Z",1.09437,1.09443
"exness","EURUSD","2023-06-19 00:09:44.891Z",1.09438,1.09444
"exness","EURUSD","2023-06-19 00:09:51.600Z",1.09437,1.09444
"exness","EURUSD","2023-06-19 00:09:52.739Z",1.09437,1.09443
"exness","EURUSD","2023-06-19 00:10:03.147Z",1.09436,1.09443
"exness","EURUSD","2023-06-19 00:10:03.696Z",1.09435,1.0944099999999999
"exness","EURUSD","2023-06-19 00:10:04.540Z",1.09434,1.09439
"exness","EURUSD","2023-06-19 00:10:07.153Z",1.09433,1.09439
"exness","EURUSD","2023-06-19 00:10:17.295Z",1.09433,1.0944
"exness","EURUSD","2023-06-19 00:10:18.669Z",1.09433,1.09439
"exness","EURUSD","2023-06-19 00:10:18.689Z",1.09432,1.09438
"exness","EURUSD","2023-06-19 00:10:18.790Z",1.0943,1.09436
"exness","EURUSD","2023-06-19 00:10:22.990Z",1.0943100000000001,1.09437
"exness","EURUSD","2023-06-19 00:10:24.223Z",1.09432,1.09437
"exness","EURUSD","2023-06-19 00:10:30.543Z",1.0943100000000001,1.09437
"exness","EURUSD","2023-06-19 00:10:36.543Z",1.0943100000000001,1.09438
"exness","EURUSD","2023-06-19 00:10:37.842Z",1.09433,1.09439
"exness","EURUSD","2023-06-19 00:10:38.980Z",1.09433,1.0944
"exness","EURUSD","2023-06-19 00:10:42.422Z",1.09434,1.09439
"exness","EURUSD","2023-06-19 00:10:48.527Z",1.09432,1.09439
"exness","EURUSD","2023-06-19 00:10:48.568Z",1.0943100000000001,1.09437
"exness","EURUSD","2023-06-19 00:10:49.725Z",1.0943100000000001,1.09436
"exness","EURUSD","2023-06-19 00:10:50.913Z",1.0943100000000001,1.09437
"exness","EURUSD","2023-06-19 00:10:51.435Z",1.09432,1.09439
"exness","EURUSD","2023-06-19 00:10:52.668Z",1.09433,1.09439
"exness","EURUSD","2023-06-19 00:10:53.846Z",1.09434,1.09439
"exness","EURUSD","2023-06-19 00:10:58.370Z",1.09433,1.09439
"exness","EURUSD","2023-06-19 00:11:01.378Z",1.0943100000000001,1.09438
"exness","EURUSD","2023-06-19 00:11:02.547Z",1.0943100000000001,1.09437
"exness","EURUSD","2023-06-19 00:11:03.360Z",1.09433,1.09439
"exness","EURUSD","2023-06-19 00:11:07.744Z",1.09433,1.09438
"exness","EURUSD","2023-06-19 00:11:10.422Z",1.09432,1.09438
"exness","EURUSD","2023-06-19 00:11:11.453Z",1.0943100000000001,1.09437
"exness","EURUSD","2023-06-19 00:11:14.152Z",1.0943,1.09437
"exness","EURUSD","2023-06-19 00:11:15.233Z",1.0943,1.09436
"exness","EURUSD","2023-06-19 00:11:15.977Z",1.0943100000000001,1.09436
"exness","EURUSD","2023-06-19 00:11:17.215Z",1.0943,1.09436
"exness","EURUSD","2023-06-19 00:11:18.201Z",1.09432,1.09438
"exness","EURUSD","2023-06-19 00:11:19.499Z",1.09432,1.09437
"exness","EURUSD","2023-06-19 00:11:25.216Z",1.09432,1.09438
"exness","EURUSD","2023-06-19 00:11:26.645Z",1.0943100000000001,1.09438
"exness","EURUSD","2023-06-19 00:11:28.807Z",1.09432,1.09438
"exness","EURUSD","2023-06-19 00:11:31.008Z",1.0943100000000001,1.09438
"exness","EURUSD","2023-06-19 00:11:36.315Z",1.0943,1.09436
"exness","EURUSD","2023-06-19 00:11:41.754Z",1.09428,1.09435
"exness","EURUSD","2023-06-19 00:11:41.778Z",1.09427,1.09433
"exness","EURUSD","2023-06-19 00:11:43.060Z",1.09426,1.09432
"exness","EURUSD","2023-06-19 00:11:44.225Z",1.09426,1.0943100000000001
"exness","EURUSD","2023-06-19 00:11:45.180Z",1.09426,1.09432
"exness","EURUSD","2023-06-19 00:11:46.309Z",1.09427,1.09432
"exness","EURUSD","2023-06-19 00:11:51.749Z",1.09426,1.09433
"exness","EURUSD","2023-06-19 00:11:53.213Z",1.09428,1.09434
"exness","EURUSD","2023-06-19 00:11:56.726Z",1.09428,1.09435
"exness","EURUSD","2023-06-19 00:11:58.286Z",1.09429,1.09434
"exness","EURUSD","2023-06-19 00:11:58.366Z",1.09429,1.09436
"exness","EURUSD","2023-06-19 00:12:00.062Z",1.09429,1.09435
"exness","EURUSD","2023-06-19 00:12:02.578Z",1.09429,1.09434
"exness","EURUSD","2023-06-19 00:12:03.312Z",1.09427,1.09434
"exness","EURUSD","2023-06-19 00:12:04.414Z",1.09427,1.09433
"exness","EURUSD","2023-06-19 00:12:06.007Z",1.09428,1.09435
"exness","EURUSD","2023-06-19 00:12:09.217Z",1.09429,1.09435
"exness","EURUSD","2023-06-19 00:12:15.409Z",1.0943,1.09437
"exness","EURUSD","2023-06-19 00:12:15.440Z",1.09432,1.09438
"exness","EURUSD","2023-06-19 00:12:17.863Z",1.09432,1.09437
"exness","EURUSD","2023-06-19 00:12:18.143Z",1.0943100000000001,1.09437
"exness","EURUSD","2023-06-19 00:12:18.615Z",1.09429,1.09435
"exness","EURUSD","2023-06-19 00:12:22.382Z",1.0943,1.09436
"exness","EURUSD","2023-06-19 00:12:39.947Z",1.0943100000000001,1.09438
"exness","EURUSD","2023-06-19 00:12:39.989Z",1.09433,1.09439
"exness","EURUSD","2023-06-19 00:12:43.520Z",1.09432,1.09438
"exness","EURUSD","2023-06-19 00:12:44.809Z",1.09432,1.09437
"exness","EURUSD","2023-06-19 00:12:45.525Z",1.0943100000000001,1.09437
"exness","EURUSD","2023-06-19 00:12:45.572Z",1.09429,1.09435
"exness","EURUSD","2023-06-19 00:12:49.962Z",1.09429,1.09434
"exness","EURUSD","2023-06-19 00:12:50.823Z",1.09427,1.09434
"exness","EURUSD","2023-06-19 00:12:53.429Z",1.09428,1.09433
"exness","EURUSD","2023-06-19 00:12:54.608Z",1.09427,1.09433
"exness","EURUSD","2023-06-19 00:13:03.008Z",1.09426,1.09433
"exness","EURUSD","2023-06-19 00:13:14.712Z",1.09426,1.09432
"exness","EURUSD","2023-06-19 00:13:15.551Z",1.09425,1.0943100000000001
"exness","EURUSD","2023-06-19 00:13:21.757Z",1.09425,1.0943
"exness","EURUSD","2023-06-19 00:13:25.770Z",1.09424,1.0943
"exness","EURUSD","2023-06-19 00:13:26.781Z",1.09424,1.0943100000000001
"exness","EURUSD","2023-06-19 00:13:28.400Z",1.09425,1.0943100000000001
"exness","EURUSD","2023-06-19 00:13:29.404Z",1.09425,1.0943
"exness","EURUSD","2023-06-19 00:13:31.582Z",1.09424,1.0943
"exness","EURUSD","2023-06-19 00:13:41.084Z",1.09424,1.0943100000000001
"exness","EURUSD","2023-06-19 00:13:49.862Z",1.09424,1.0943
"exness","EURUSD","2023-06-19 00:13:53.049Z",1.09425,1.0943100000000001
"exness","EURUSD","2023-06-19 00:13:57.526Z",1.09425,1.0943
"exness","EURUSD","2023-06-19 00:14:00.472Z",1.09425,1.0943100000000001
"exness","EURUSD","2023-06-19 00:14:03.703Z",1.09426,1.09432
"exness","EURUSD","2023-06-19 00:14:04.639Z",1.09427,1.09433
"exness","EURUSD","2023-06-19 00:14:05.719Z",1.09428,1.09434
"exness","EURUSD","2023-06-19 00:14:08.829Z",1.09428,1.09435
"exness","EURUSD","2023-06-19 00:14:09.845Z",1.09429,1.09435
"exness","EURUSD","2023-06-19 00:14:27.495Z",1.0943,1.09436
"exness","EURUSD","2023-06-19 00:14:27.600Z",1.09429,1.09436
"exness","EURUSD","2023-06-19 00:14:35.917Z",1.0943,1.09436
"exness","EURUSD","2023-06-19 00:14:36.056Z",1.09428,1.09435
"exness","EURUSD","2023-06-19 00:14:36.104Z",1.09427,1.09433
"exness","EURUSD","2023-06-19 00:14:36.120Z",1.09425,1.09432
"exness","EURUSD","2023-06-19 00:14:36.149Z",1.09425,1.0943
"exness","EURUSD","2023-06-19 00:14:47.797Z",1.09425,1.0943100000000001
"exness","EURUSD","2023-06-19 00:14:48.865Z",1.09424,1.0943100000000001
"exness","EURUSD","2023-06-19 00:14:49.031Z",1.09423,1.09429
"exness","EURUSD","2023-06-19 00:14:49.741Z",1.09422,1.09427
"exness","EURUSD","2023-06-19 00:14:50.009Z",1.0942,1.09427
"exness","EURUSD","2023-06-19 00:14:51.851Z",1.0942,1.09426
"exness","EURUSD","2023-06-19 00:15:01.297Z",1.09418,1.09424
"exness","EURUSD","2023-06-19 00:15:01.331Z",1.09417,1.09423
"exness","EURUSD","2023-06-19 00:15:01.384Z",1.09416,1.09421
"exness","EURUSD","2023-06-19 00:15:02.395Z",1.09416,1.09422
"exness","EURUSD","2023-06-19 00:15:06.618Z",1.09415,1.09421
"exness","EURUSD","2023-06-19 00:15:09.445Z",1.09416,1.09423
"exness","EURUSD","2023-06-19 00:15:09.472Z",1.09418,1.09424
"exness","EURUSD","2023-06-19 00:15:10.566Z",1.09419,1.09425
"exness","EURUSD","2023-06-19 00:15:16.358Z",1.09417,1.09423
"exness","EURUSD","2023-06-19 00:15:16.464Z",1.09416,1.09421
"exness","EURUSD","2023-06-19 00:15:18.056Z",1.09415,1.09421
"exness","EURUSD","2023-06-19 00:15:18.465Z",1.09413,1.0942
"exness","EURUSD","2023-06-19 00:15:18.486Z",1.09412,1.09418
"exness","EURUSD","2023-06-19 00:15:18.625Z",1.0941,1.09417
"exness","EURUSD","2023-06-19 00:15:19.017Z",1.09412,1.09418
"exness","EURUSD","2023-06-19 00:15:19.105Z",1.09414,1.09419
"exness","EURUSD","2023-06-19 00:15:20.170Z",1.09413,1.09419
"exness","EURUSD","2023-06-19 00:15:20.179Z",1.09411,1.09417
"exness","EURUSD","2023-06-19 00:15:22.124Z",1.09411,1.09416
"exness","EURUSD","2023-06-19 00:15:22.136Z",1.09411,1.09417
"exness","EURUSD","2023-06-19 00:15:22.165Z",1.09413,1.09418
"exness","EURUSD","2023-06-19 00:15:23.183Z",1.09412,1.09417
"exness","EURUSD","2023-06-19 00:15:24.811Z",1.09411,1.09417
"exness","EURUSD","2023-06-19 00:15:27.985Z",1.0941,1.09416
"exness","EURUSD","2023-06-19 00:15:28.678Z",1.09412,1.09418
"exness","EURUSD","2023-06-19 00:15:28.681Z",1.09413,1.0942
"exness","EURUSD","2023-06-19 00:15:30.089Z",1.09415,1.0942
"exness","EURUSD","2023-06-19 00:15:31.194Z",1.09416,1.09422
"exness","EURUSD","2023-06-19 00:15:31.216Z",1.09417,1.09423
"exness","EURUSD","2023-06-19 00:15:31.416Z",1.09419,1.09424
"exness","EURUSD","2023-06-19 00:15:34.533Z",1.0942,1.09425
"exness","EURUSD","2023-06-19 00:15:36.482Z",1.09419,1.09425
"exness","EURUSD","2023-06-19 00:15:41.190Z",1.09419,1.09426
"exness","EURUSD","2023-06-19 00:15:47.803Z",1.09419,1.09425
"exness","EURUSD","2023-06-19 00:16:01.282Z",1.09418,1.09424
"exness","EURUSD","2023-06-19 00:16:01.306Z",1.09416,1.09422
"exness","EURUSD","2023-06-19 00:16:03.775Z",1.09415,1.09421
"exness","EURUSD","2023-06-19 00:16:08.682Z",1.09416,1.09421
"exness","EURUSD","2023-06-19 00:16:09.227Z",1.09416,1.09422
"exness","EURUSD","2023-06-19 00:16:09.240Z",1.09418,1.09424
"exness","EURUSD","2023-06-19 00:16:09.472Z",1.09417,1.09422
"exness","EURUSD","2023-06-19 00:16:12.975Z",1.09416,1.09422
"exness","EURUSD","2023-06-19 00:16:15.202Z",1.09415,1.09421
"exness","EURUSD","2023-06-19 00:16:18.899Z",1.09416,1.09422
"exness","EURUSD","2023-06-19 00:16:21.237Z",1.09416,1.09423
"exness","EURUSD","2023-06-19 00:16:22.935Z",1.09417,1.09423
"exness","EURUSD","2023-06-19 00:16:24.429Z",1.09416,1.09422
"exness","EURUSD","2023-06-19 00:16:30.710Z",1.09418,1.09424
"exness","EURUSD","2023-06-19 00:16:38.800Z",1.09419,1.09425
"exness","EURUSD","2023-06-19 00:16:38.837Z",1.0942,1.09427
"exness","EURUSD","2023-06-19 00:16:38.881Z",1.09422,1.09428
"exness","EURUSD","2023-06-19 00:16:38.943Z",1.09424,1.0943
"exness","EURUSD","2023-06-19 00:16:39.977Z",1.09425,1.0943100000000001
"exness","EURUSD","2023-06-19 00:16:41.162Z",1.09425,1.0943
"exness","EURUSD","2023-06-19 00:16:45.889Z",1.09424,1.0943
"exness","EURUSD","2023-06-19 00:16:48.593Z",1.09424,1.0943100000000001
"exness","EURUSD","2023-06-19 00:16:55.291Z",1.09425,1.0943100000000001
"exness","EURUSD","2023-06-19 00:17:10.979Z",1.09424,1.0943100000000001
"exness","EURUSD","2023-06-19 00:17:15.335Z",1.09424,1.0943
"exness","EURUSD","2023-06-19 00:17:17.317Z",1.09422,1.09429
"exness","EURUSD","2023-06-19 00:17:17.360Z",1.09421,1.09427
"exness","EURUSD","2023-06-19 00:17:18.453Z",1.09422,1.09427
"exness","EURUSD","2023-06-19 00:17:19.723Z",1.0942,1.09426
"exness","EURUSD","2023-06-19 00:17:24.249Z",1.09421,1.09427
"exness","EURUSD","2023-06-19 00:17:30.136Z",1.09422,1.09427
"exness","EURUSD","2023-06-19 00:17:30.281Z",1.0942,1.09426
"exness","EURUSD","2023-06-19 00:17:35.125Z",1.09419,1.09426
"exness","EURUSD","2023-06-19 00:17:36.661Z",1.09419,1.09425
"exness","EURUSD","2023-06-19 00:17:43.268Z",1.09417,1.09424
"exness","EURUSD","2023-06-19 00:17:44.160Z",1.09416,1.09422
"exness","EURUSD","2023-06-19 00:17:45.302Z",1.09415,1.09421
"exness","EURUSD","2023-06-19 00:17:52.714Z",1.09414,1.09421
"exness","EURUSD","2023-06-19 00:17:54.371Z",1.09415,1.0942
"exness","EURUSD","2023-06-19 00:18:01.498Z",1.09414,1.09421
"exness","EURUSD","2023-06-19 00:18:05.201Z",1.09414,1.0942
"exness","EURUSD","2023-06-19 00:18:18.644Z",1.09414,1.09421
"exness","EURUSD","2023-06-19 00:18:49.631Z",1.09415,1.09421
"exness","EURUSD","2023-06-19 00:19:00.865Z",1.09415,1.0942
"exness","EURUSD","2023-06-19 00:19:09.505Z",1.09414,1.09421
"exness","EURUSD","2023-06-19 00:19:31.979Z",1.09415,1.09421
"exness","EURUSD","2023-06-19 00:19:35.341Z",1.09414,1.0942
"exness","EURUSD","2023-06-19 00:19:42.643Z",1.09415,1.0942
"exness","EURUSD","2023-06-19 00:19:50.743Z",1.09413,1.09419
"exness","EURUSD","2023-06-19 00:19:50.772Z",1.09412,1.09418
"exness","EURUSD","2023-06-19 00:19:51.834Z",1.0941,1.09416
"exness","EURUSD","2023-06-19 00:19:51.913Z",1.09409,1.09415
"exness","EURUSD","2023-06-19 00:19:51.927Z",1.09407,1.09413
"exness","EURUSD","2023-06-19 00:19:52.053Z",1.09408,1.09413
"exness","EURUSD","2023-06-19 00:19:52.237Z",1.09409,1.09415
"exness","EURUSD","2023-06-19 00:19:53.566Z",1.0941,1.09416
"exness","EURUSD","2023-06-19 00:19:53.683Z",1.09411,1.09418
"exness","EURUSD","2023-06-19 00:19:53.718Z",1.09413,1.09419
"exness","EURUSD","2023-06-19 00:19:54.146Z",1.09414,1.09421
"exness","EURUSD","2023-06-19 00:19:54.770Z",1.09416,1.09421
"exness","EURUSD","2023-06-19 00:19:55.787Z",1.09416,1.09422
"exness","EURUSD","2023-06-19 00:19:57.073Z",1.09417,1.09422
"exness","EURUSD","2023-06-19 00:20:00.480Z",1.09417,1.09423
"exness","EURUSD","2023-06-19 00:20:01.070Z",1.09418,1.09424
"exness","EURUSD","2023-06-19 00:20:02.073Z",1.09418,1.09423
"exness","EURUSD","2023-06-19 00:20:03.088Z",1.09417,1.09424
"exness","EURUSD","2023-06-19 00:20:04.394Z",1.09417,1.09423
"exness","EURUSD","2023-06-19 00:20:18.983Z",1.09418,1.09425
"exness","EURUSD","2023-06-19 00:20:20.132Z",1.09419,1.09425
"exness","EURUSD","2023-06-19 00:20:27.420Z",1.09418,1.09425
"exness","EURUSD","2023-06-19 00:20:34.169Z",1.09418,1.09424
"exness","EURUSD","2023-06-19 00:20:36.382Z",1.09418,1.09425
"exness","EURUSD","2023-06-19 00:20:43.336Z",1.09417,1.09423
"exness","EURUSD","2023-06-19 00:20:43.570Z",1.09415,1.09422
"exness","EURUSD","2023-06-19 00:20:47.829Z",1.09416,1.09421
"exness","EURUSD","2023-06-19 00:20:47.860Z",1.09416,1.09422
"exness","EURUSD","2023-06-19 00:20:50.820Z",1.09417,1.09423
"exness","EURUSD","2023-06-19 00:20:54.527Z",1.09416,1.09421
"exness","EURUSD","2023-06-19 00:20:56.574Z",1.09417,1.09422
"exness","EURUSD","2023-06-19 00:21:03.502Z",1.09416,1.09423
"exness","EURUSD","2023-06-19 00:21:16.278Z",1.09416,1.09422
"exness","EURUSD","2023-06-19 00:21:20.735Z",1.09416,1.09423
"exness","EURUSD","2023-06-19 00:21:26.674Z",1.09416,1.09422
"exness","EURUSD","2023-06-19 00:21:27.655Z",1.09417,1.09424
"exness","EURUSD","2023-06-19 00:21:29.663Z",1.09419,1.09425
"exness","EURUSD","2023-06-19 00:21:36.219Z",1.0942,1.09425
"exness","EURUSD","2023-06-19 00:21:38.032Z",1.0942,1.09427
"exness","EURUSD","2023-06-19 00:21:38.236Z",1.09422,1.09428
"exness","EURUSD","2023-06-19 00:21:39.655Z",1.09423,1.09429
"exness","EURUSD","2023-06-19 00:21:40.819Z",1.09423,1.0943
"exness","EURUSD","2023-06-19 00:21:41.647Z",1.09422,1.09428
"exness","EURUSD","2023-06-19 00:21:41.781Z",1.0942,1.09427
"exness","EURUSD","2023-06-19 00:21:42.182Z",1.09422,1.09428
"exness","EURUSD","2023-06-19 00:21:42.721Z",1.09423,1.0943
"exness","EURUSD","2023-06-19 00:21:46.462Z",1.09423,1.09428
"exness","EURUSD","2023-06-19 00:21:50.271Z",1.09423,1.0943
"exness","EURUSD","2023-06-19 00:21:51.322Z",1.09424,1.0943
"exness","EURUSD","2023-06-19 00:21:58.915Z",1.09424,1.0943100000000001
"exness","EURUSD","2023-06-19 00:22:01.386Z",1.09425,1.0943100000000001
"exness","EURUSD","2023-06-19 00:22:16.739Z",1.09426,1.09433
"exness","EURUSD","2023-06-19 00:22:16.956Z",1.09428,1.09434
"exness","EURUSD","2023-06-19 00:22:17.763Z",1.09426,1.09432
"exness","EURUSD","2023-06-19 00:22:19.887Z",1.09426,1.0943100000000001
"exness","EURUSD","2023-06-19 00:22:21.894Z",1.09425,1.09432
"exness","EURUSD","2023-06-19 00:22:22.602Z",1.09427,1.09432
"exness","EURUSD","2023-06-19 00:22:32.353Z",1.09426,1.09432
"exness","EURUSD","2023-06-19 00:22:34.874Z",1.09425,1.0943100000000001
"exness","EURUSD","2023-06-19 00:22:38.243Z",1.09425,1.0943
"exness","EURUSD","2023-06-19 00:22:50.976Z",1.09425,1.0943100000000001
"exness","EURUSD","2023-06-19 00:22:53.126Z",1.09424,1.0943100000000001
"exness","EURUSD","2023-06-19 00:22:54.458Z",1.09425,1.0943100000000001
"exness","EURUSD","2023-06-19 00:23:07.277Z",1.09423,1.09429
"exness","EURUSD","2023-06-19 00:23:07.338Z",1.09422,1.09428
"exness","EURUSD","2023-06-19 00:23:09.241Z",1.09421,1.09428
"exness","EURUSD","2023-06-19 00:23:15.863Z",1.09422,1.09427
"exness","EURUSD","2023-06-19 00:23:17.987Z",1.09421,1.09428
"exness","EURUSD","2023-06-19 00:23:24.415Z",1.09422,1.09428
"exness","EURUSD","2023-06-19 00:23:30.348Z",1.09423,1.0943
"exness","EURUSD","2023-06-19 00:23:30.373Z",1.09425,1.0943100000000001
"exness","EURUSD","2023-06-19 00:23:30.515Z",1.09426,1.09433
"exness","EURUSD","2023-06-19 00:23:31.438Z",1.09428,1.09434
"exness","EURUSD","2023-06-19 00:23:35.072Z",1.09429,1.09434
"exness","EURUSD","2023-06-19 00:23:45.182Z",1.09429,1.09435
"exness","EURUSD","2023-06-19 00:23:49.733Z",1.0943,1.09436
"exness","EURUSD","2023-06-19 00:23:50.948Z",1.0943100000000001,1.09436
"exness","EURUSD","2023-06-19 00:23:51.994Z",1.09429,1.09435
"exness","EURUSD","2023-06-19 00:23:58.750Z",1.09427,1.09434
"exness","EURUSD","2023-06-19 00:23:59.768Z",1.09427,1.09433
"exness","EURUSD","2023-06-19 00:24:05.744Z",1.09428,1.09433
"exness","EURUSD","2023-06-19 00:24:07.887Z",1.09427,1.09432
"exness","EURUSD","2023-06-19 00:24:14.919Z",1.09427,1.09433
"exness","EURUSD","2023-06-19 00:24:16.056Z",1.09425,1.0943100000000001
"exness","EURUSD","2023-06-19 00:24:17.286Z",1.09426,1.09432
"exness","EURUSD","2023-06-19 00:24:17.630Z",1.09428,1.09434
"exness","EURUSD","2023-06-19 00:24:21.392Z",1.09428,1.09433
"exness","EURUSD","2023-06-19 00:24:23.321Z",1.09426,1.09432
"exness","EURUSD","2023-06-19 00:24:24.345Z",1.09425,1.0943100000000001
"exness","EURUSD","2023-06-19 00:24:25.452Z",1.09425,1.0943
"exness","EURUSD","2023-06-19 00:24:26.374Z",1.09423,1.0943
"exness","EURUSD","2023-06-19 00:24:26.868Z",1.09422,1.09428
"exness","EURUSD","2023-06-19 00:24:27.776Z",1.09422,1.09427
"exness","EURUSD","2023-06-19 00:24:31.939Z",1.09421,1.09428
"exness","EURUSD","2023-06-19 00:24:36.682Z",1.09422,1.09428
"exness","EURUSD","2023-06-19 00:24:38.862Z",1.09423,1.09429
"exness","EURUSD","2023-06-19 00:24:39.922Z",1.09424,1.0943
"exness","EURUSD","2023-06-19 00:24:41.179Z",1.09423,1.09429
"exness","EURUSD","2023-06-19 00:24:44.010Z",1.09424,1.0943
"exness","EURUSD","2023-06-19 00:24:46.820Z",1.09424,1.0943100000000001
"exness","EURUSD","2023-06-19 00:24:49.294Z",1.09425,1.0943100000000001
"exness","EURUSD","2023-06-19 00:24:56.973Z",1.09426,1.09433
"exness","EURUSD","2023-06-19 00:24:57.557Z",1.09428,1.09434
"exness","EURUSD","2023-06-19 00:24:59.677Z",1.09429,1.09435
"exness","EURUSD","2023-06-19 00:25:00.732Z",1.09429,1.09434
"exness","EURUSD","2023-06-19 00:25:01.869Z",1.09429,1.09435
"exness","EURUSD","2023-06-19 00:25:09.643Z",1.09428,1.09435
"exness","EURUSD","2023-06-19 00:25:10.682Z",1.09427,1.09433
"exness","EURUSD","2023-06-19 00:25:11.779Z",1.09426,1.09432
"exness","EURUSD","2023-06-19 00:25:16.059Z",1.09426,1.09433
"exness","EURUSD","2023-06-19 00:25:17.177Z",1.09426,1.09432
"exness","EURUSD","2023-06-19 00:25:17.888Z",1.09428,1.09433
"exness","EURUSD","2023-06-19 00:25:23.861Z",1.09427,1.09433
"exness","EURUSD","2023-06-19 00:25:32.426Z",1.09428,1.09435
"exness","EURUSD","2023-06-19 00:25:32.963Z",1.0943,1.09436
"exness","EURUSD","2023-06-19 00:25:32.991Z",1.09432,1.09438
"exness","EURUSD","2023-06-19 00:25:33.057Z",1.09433,1.09439
"exness","EURUSD","2023-06-19 00:25:33.828Z",1.09435,1.0944
"exness","EURUSD","2023-06-19 00:25:36.472Z",1.09435,1.0944099999999999
"exness","EURUSD","2023-06-19 00:25:48.233Z",1.09434,1.0944
"exness","EURUSD","2023-06-19 00:25:56.970Z",1.09433,1.09439
"exness","EURUSD","2023-06-19 00:26:00.152Z",1.0943100000000001,1.09438
"exness","EURUSD","2023-06-19 00:26:01.707Z",1.0943100000000001,1.09437
"exness","EURUSD","2023-06-19 00:26:06.534Z",1.0943100000000001,1.09436
"exness","EURUSD","2023-06-19 00:26:06.699Z",1.09429,1.09436
"exness","EURUSD","2023-06-19 00:26:08.438Z",1.09428,1.09434
"exness","EURUSD","2023-06-19 00:26:08.655Z",1.09426,1.09433
"exness","EURUSD","2023-06-19 00:26:09.270Z",1.09426,1.0943100000000001
"exness","EURUSD","2023-06-19 00:26:13.290Z",1.09427,1.09432
"exness","EURUSD","2023-06-19 00:26:16.209Z",1.09426,1.09432
"exness","EURUSD","2023-06-19 00:26:18.890Z",1.09424,1.0943
"exness","EURUSD","2023-06-19 00:26:19.363Z",1.09422,1.09429
"exness","EURUSD","2023-06-19 00:26:19.434Z",1.09421,1.09427
"exness","EURUSD","2023-06-19 00:26:21.037Z",1.09422,1.09427
"exness","EURUSD","2023-06-19 00:26:22.213Z",1.09421,1.09427
"exness","EURUSD","2023-06-19 00:26:23.550Z",1.09419,1.09426
"exness","EURUSD","2023-06-19 00:26:24.917Z",1.09419,1.09425
"exness","EURUSD","2023-06-19 00:26:28.171Z",1.0942,1.09425
"exness","EURUSD","2023-06-19 00:26:28.633Z",1.09418,1.09424
"exness","EURUSD","2023-06-19 00:26:28.817Z",1.09416,1.09423
"exness","EURUSD","2023-06-19 00:26:29.830Z",1.09415,1.09422
"exness","EURUSD","2023-06-19 00:26:31.815Z",1.09415,1.0942
"exness","EURUSD","2023-06-19 00:26:32.672Z",1.09414,1.0942
"exness","EURUSD","2023-06-19 00:26:38.425Z",1.09412,1.09419
"exness","EURUSD","2023-06-19 00:26:39.254Z",1.09414,1.0942
"exness","EURUSD","2023-06-19 00:26:50.331Z",1.09415,1.0942
"exness","EURUSD","2023-06-19 00:26:54.442Z",1.09415,1.09422
"exness","EURUSD","2023-06-19 00:26:54.766Z",1.09417,1.09423
"exness","EURUSD","2023-06-19 00:26:56.005Z",1.09417,1.09424
"exness","EURUSD","2023-06-19 00:26:59.374Z",1.09418,1.09425
"exness","EURUSD","2023-06-19 00:27:01.115Z",1.09419,1.09424
"exness","EURUSD","2023-06-19 00:27:07.106Z",1.09417,1.09423
"exness","EURUSD","2023-06-19 00:27:18.618Z",1.09417,1.09424
"exness","EURUSD","2023-06-19 00:27:19.717Z",1.09417,1.09423
"exness","EURUSD","2023-06-19 00:27:33.430Z",1.09415,1.09422
"exness","EURUSD","2023-06-19 00:27:33.547Z",1.09414,1.0942
"exness","EURUSD","2023-06-19 00:27:34.874Z",1.09413,1.0942
"exness","EURUSD","2023-06-19 00:27:36.111Z",1.09414,1.09419
"exness","EURUSD","2023-06-19 00:27:36.164Z",1.09415,1.09421
"exness","EURUSD","2023-06-19 00:27:36.193Z",1.09416,1.09422
"exness","EURUSD","2023-06-19 00:27:37.300Z",1.09417,1.09423
"exness","EURUSD","2023-06-19 00:27:39.104Z",1.09418,1.09423
"exness","EURUSD","2023-06-19 00:27:42.450Z",1.09417,1.09423
"exness","EURUSD","2023-06-19 00:27:57.318Z",1.09418,1.09425
"exness","EURUSD","2023-06-19 00:27:57.367Z",1.0942,1.09426
"exness","EURUSD","2023-06-19 00:27:57.782Z",1.09422,1.09427
"exness","EURUSD","2023-06-19 00:28:01.520Z",1.09421,1.09427
"exness","EURUSD","2023-06-19 00:28:02.545Z",1.09421,1.09428
"exness","EURUSD","2023-06-19 00:28:02.615Z",1.09423,1.09429
"exness","EURUSD","2023-06-19 00:28:02.724Z",1.09422,1.09427
"exness","EURUSD","2023-06-19 00:28:15.153Z",1.09422,1.09428
"exness","EURUSD","2023-06-19 00:28:33.747Z",1.09421,1.09428
"exness","EURUSD","2023-06-19 00:28:37.106Z",1.09422,1.09428
"exness","EURUSD","2023-06-19 00:28:38.176Z",1.09423,1.09429
"exness","EURUSD","2023-06-19 00:28:40.503Z",1.09424,1.09429
"exness","EURUSD","2023-06-19 00:28:41.745Z",1.09424,1.0943
"exness","EURUSD","2023-06-19 00:28:47.519Z",1.09425,1.0943
"exness","EURUSD","2023-06-19 00:28:53.377Z",1.09424,1.0943
"exness","EURUSD","2023-06-19 00:29:03.232Z",1.09422,1.09429
"exness","EURUSD","2023-06-19 00:29:04.276Z",1.09422,1.09428
"exness","EURUSD","2023-06-19 00:29:06.399Z",1.09422,1.09427
"exness","EURUSD","2023-06-19 00:29:12.476Z",1.09421,1.09427
"exness","EURUSD","2023-06-19 00:29:26.230Z",1.09419,1.09426
"exness","EURUSD","2023-06-19 00:29:27.478Z",1.09419,1.09425
"exness","EURUSD","2023-06-19 00:29:30.138Z",1.09419,1.09424
"exness","EURUSD","2023-06-19 00:29:31.156Z",1.09419,1.09425
"exness","EURUSD","2023-06-19 00:29:32.425Z",1.09418,1.09424
"exness","EURUSD","2023-06-19 00:29:34.541Z",1.09419,1.09424
"exness","EURUSD","2023-06-19 00:29:37.478Z",1.09419,1.09425
"exness","EURUSD","2023-06-19 00:29:46.454Z",1.09418,1.09424
"exness","EURUSD","2023-06-19 00:29:47.950Z",1.09418,1.09425
"exness","EURUSD","2023-06-19 00:29:49.699Z",1.09419,1.09425
"exness","EURUSD","2023-06-19 00:29:53.744Z",1.09418,1.09424
"exness","EURUSD","2023-06-19 00:29:55.047Z",1.09418,1.09423
"exness","EURUSD","2023-06-19 00:29:57.256Z",1.09417,1.09423
"exness","EURUSD","2023-06-19 00:30:00.187Z",1.09416,1.09422
"exness","EURUSD","2023-06-19 00:30:00.649Z",1.09416,1.09421
"exness","EURUSD","2023-06-19 00:30:02.209Z",1.09415,1.09422
"exness","EURUSD","2023-06-19 00:30:04.032Z",1.09416,1.09421
"exness","EURUSD","2023-06-19 00:30:10.559Z",1.09415,1.09422
"exness","EURUSD","2023-06-19 00:30:10.567Z",1.09417,1.09423
"exness","EURUSD","2023-06-19 00:30:10.605Z",1.09418,1.09425
"exness","EURUSD","2023-06-19 00:30:11.536Z",1.0942,1.09425
"exness","EURUSD","2023-06-19 00:30:11.935Z",1.09418,1.09424
"exness","EURUSD","2023-06-19 00:30:12.929Z",1.09417,1.09423
"exness","EURUSD","2023-06-19 00:30:16.997Z",1.09418,1.09423
"exness","EURUSD","2023-06-19 00:30:19.577Z",1.09417,1.09423
"exness","EURUSD","2023-06-19 00:30:27.906Z",1.09416,1.09423
"exness","EURUSD","2023-06-19 00:30:28.935Z",1.09416,1.09422
"exness","EURUSD","2023-06-19 00:30:43.252Z",1.09414,1.09421
"exness","EURUSD","2023-06-19 00:30:45.273Z",1.09415,1.0942
"exness","EURUSD","2023-06-19 00:30:46.428Z",1.09414,1.0942
"exness","EURUSD","2023-06-19 00:30:46.484Z",1.09412,1.09419
"exness","EURUSD","2023-06-19 00:30:47.521Z",1.09412,1.09418
"exness","EURUSD","2023-06-19 00:30:51.315Z",1.09413,1.09418
"exness","EURUSD","2023-06-19 00:30:52.693Z",1.09412,1.09418
"exness","EURUSD","2023-06-19 00:30:53.439Z",1.0941,1.09416
"exness","EURUSD","2023-06-19 00:30:54.298Z",1.09412,1.09418
"exness","EURUSD","2023-06-19 00:30:57.574Z",1.09413,1.09418
"exness","EURUSD","2023-06-19 00:31:00.892Z",1.09411,1.09417
"exness","EURUSD","2023-06-19 00:31:03.805Z",1.09411,1.09418
"exness","EURUSD","2023-06-19 00:31:09.697Z",1.09412,1.09418
"exness","EURUSD","2023-06-19 00:31:15.726Z",1.0941,1.09417
"exness","EURUSD","2023-06-19 00:31:15.891Z",1.09409,1.09415
"exness","EURUSD","2023-06-19 00:31:16.039Z",1.09407,1.09413
"exness","EURUSD","2023-06-19 00:31:19.283Z",1.09405,1.09412
"exness","EURUSD","2023-06-19 00:31:19.347Z",1.09404,1.0941
"exness","EURUSD","2023-06-19 00:31:19.369Z",1.09402,1.09408
"exness","EURUSD","2023-06-19 00:31:20.814Z",1.09401,1.09407
"exness","EURUSD","2023-06-19 00:31:24.326Z",1.094,1.09406
"exness","EURUSD","2023-06-19 00:31:26.598Z",1.09399,1.09405
"exness","EURUSD","2023-06-19 00:31:27.535Z",1.09398,1.09404
"exness","EURUSD","2023-06-19 00:31:28.592Z",1.09397,1.09403
"exness","EURUSD","2023-06-19 00:31:29.781Z",1.09397,1.09402
"exness","EURUSD","2023-06-19 00:31:30.912Z",1.09397,1.09403
"exness","EURUSD","2023-06-19 00:31:33.890Z",1.09396,1.09402
"exness","EURUSD","2023-06-19 00:31:34.879Z",1.09395,1.094
"exness","EURUSD","2023-06-19 00:31:35.994Z",1.09394,1.094
"exness","EURUSD","2023-06-19 00:31:36.025Z",1.09393,1.09399
"exness","EURUSD","2023-06-19 00:31:37.095Z",1.09392,1.09398
"exness","EURUSD","2023-06-19 00:31:38.858Z",1.09393,1.094
"exness","EURUSD","2023-06-19 00:31:39.994Z",1.09394,1.094
"exness","EURUSD","2023-06-19 00:31:41.267Z",1.09395,1.094
"exness","EURUSD","2023-06-19 00:31:42.383Z",1.09394,1.094
"exness","EURUSD","2023-06-19 00:31:43.251Z",1.09396,1.09402
"exness","EURUSD","2023-06-19 00:31:43.770Z",1.09397,1.09403
"exness","EURUSD","2023-06-19 00:31:45.398Z",1.09398,1.09403
"exness","EURUSD","2023-06-19 00:31:50.545Z",1.09397,1.09404
"exness","EURUSD","2023-06-19 00:31:51.544Z",1.09398,1.09404
"exness","EURUSD","2023-06-19 00:31:55.004Z",1.09398,1.09405
"exness","EURUSD","2023-06-19 00:31:56.372Z",1.09398,1.09404
"exness","EURUSD","2023-06-19 00:31:57.374Z",1.09398,1.09405
"exness","EURUSD","2023-06-19 00:32:01.985Z",1.09399,1.09405
"exness","EURUSD","2023-06-19 00:32:03.781Z",1.09399,1.09404
"exness","EURUSD","2023-06-19 00:32:09.026Z",1.09398,1.09405
"exness","EURUSD","2023-06-19 00:32:12.299Z",1.09399,1.09405
"exness","EURUSD","2023-06-19 00:32:19.310Z",1.09398,1.09404
"exness","EURUSD","2023-06-19 00:32:23.867Z",1.09399,1.09405
"exness","EURUSD","2023-06-19 00:32:26.782Z",1.09399,1.09404
"exness","EURUSD","2023-06-19 00:32:27.851Z",1.09399,1.09405
"exness","EURUSD","2023-06-19 00:32:48.499Z",1.09399,1.09404
"exness","EURUSD","2023-06-19 00:32:52.130Z",1.09399,1.09405
"exness","EURUSD","2023-06-19 00:32:54.425Z",1.09397,1.09404
"exness","EURUSD","2023-06-19 00:32:57.636Z",1.09397,1.09403
"exness","EURUSD","2023-06-19 00:32:59.666Z",1.09395,1.09401
"exness","EURUSD","2023-06-19 00:32:59.675Z",1.09394,1.094
"exness","EURUSD","2023-06-19 00:32:59.875Z",1.09392,1.09398
"exness","EURUSD","2023-06-19 00:33:00.892Z",1.09391,1.09398
"exness","EURUSD","2023-06-19 00:33:04.919Z",1.0939,1.09396
"exness","EURUSD","2023-06-19 00:33:04.924Z",1.09388,1.09394
"exness","EURUSD","2023-06-19 00:33:04.958Z",1.09386,1.09392
"exness","EURUSD","2023-06-19 00:33:05.035Z",1.09385,1.09391
"exness","EURUSD","2023-06-19 00:33:05.755Z",1.09385,1.0939
"exness","EURUSD","2023-06-19 00:33:07.466Z",1.09384,1.0939
"exness","EURUSD","2023-06-19 00:33:08.545Z",1.09385,1.09392
"exness","EURUSD","2023-06-19 00:33:09.740Z",1.09386,1.09392
"exness","EURUSD","2023-06-19 00:33:13.852Z",1.09385,1.09391
"exness","EURUSD","2023-06-19 00:33:15.940Z",1.09386,1.09393
"exness","EURUSD","2023-06-19 00:33:15.986Z",1.09388,1.09394
"exness","EURUSD","2023-06-19 00:33:16.068Z",1.0939,1.09396
"exness","EURUSD","2023-06-19 00:33:20.061Z",1.0939,1.09397
"exness","EURUSD","2023-06-19 00:33:22.521Z",1.09392,1.09398
"exness","EURUSD","2023-06-19 00:33:23.760Z",1.09393,1.094
"exness","EURUSD","2023-06-19 00:33:24.786Z",1.09395,1.094
"exness","EURUSD","2023-06-19 00:33:26.128Z",1.09393,1.09399
"exness","EURUSD","2023-06-19 00:33:26.485Z",1.09393,1.09398
"exness","EURUSD","2023-06-19 00:33:27.694Z",1.09392,1.09399
"exness","EURUSD","2023-06-19 00:33:29.981Z",1.09393,1.09399
"exness","EURUSD","2023-06-19 00:33:31.593Z",1.09393,1.094
"exness","EURUSD","2023-06-19 00:33:33.291Z",1.09393,1.09398
"exness","EURUSD","2023-06-19 00:33:34.319Z",1.09392,1.09399
"exness","EURUSD","2023-06-19 00:33:36.420Z",1.09392,1.09398
"exness","EURUSD","2023-06-19 00:33:48.069Z",1.09393,1.09398
"exness","EURUSD","2023-06-19 00:33:49.186Z",1.09392,1.09398
"exness","EURUSD","2023-06-19 00:33:49.703Z",1.09391,1.09396
"exness","EURUSD","2023-06-19 00:33:51.386Z",1.09391,1.09397
"exness","EURUSD","2023-06-19 00:33:52.976Z",1.09392,1.09397
"exness","EURUSD","2023-06-19 00:33:56.480Z",1.09391,1.09398
"exness","EURUSD","2023-06-19 00:33:58.722Z",1.0939,1.09396
"exness","EURUSD","2023-06-19 00:33:58.740Z",1.09388,1.09394
"exness","EURUSD","2023-06-19 00:33:59.830Z",1.09387,1.09393
"exness","EURUSD","2023-06-19 00:34:08.446Z",1.09386,1.09393
"exness","EURUSD","2023-06-19 00:34:13.349Z",1.09387,1.09393
"exness","EURUSD","2023-06-19 00:34:20.546Z",1.09385,1.09391
"exness","EURUSD","2023-06-19 00:34:21.693Z",1.09384,1.09391
"exness","EURUSD","2023-06-19 00:34:24.135Z",1.09385,1.0939
"exness","EURUSD","2023-06-19 00:34:25.698Z",1.09384,1.09391
"exness","EURUSD","2023-06-19 00:34:30.077Z",1.09384,1.0939
"exness","EURUSD","2023-06-19 00:34:33.352Z",1.09383,1.09389
"exness","EURUSD","2023-06-19 00:34:35.672Z",1.09384,1.09389
"exness","EURUSD","2023-06-19 00:34:36.741Z",1.09383,1.09389
"exness","EURUSD","2023-06-19 00:34:36.936Z",1.09381,1.09387
"exness","EURUSD","2023-06-19 00:34:37.115Z",1.09379,1.09386
"exness","EURUSD","2023-06-19 00:34:38.987Z",1.0937999999999999,1.09385
"exness","EURUSD","2023-06-19 00:34:39.991Z",1.0937999999999999,1.09386
"exness","EURUSD","2023-06-19 00:34:41.139Z",1.0937999999999999,1.09387
"exness","EURUSD","2023-06-19 00:34:41.999Z",1.0937999999999999,1.09385
"exness","EURUSD","2023-06-19 00:34:42.426Z",1.0937999999999999,1.09387
"exness","EURUSD","2023-06-19 00:34:44.059Z",1.09381,1.09386
"exness","EURUSD","2023-06-19 00:34:44.949Z",1.09379,1.09385
"exness","EURUSD","2023-06-19 00:34:44.987Z",1.09378,1.09384
"exness","EURUSD","2023-06-19 00:34:45.564Z",1.09379,1.09386
"exness","EURUSD","2023-06-19 00:34:45.587Z",1.09381,1.09387
"exness","EURUSD","2023-06-19 00:34:46.531Z",1.09382,1.09387
"exness","EURUSD","2023-06-19 00:34:47.654Z",1.09383,1.09388
"exness","EURUSD","2023-06-19 00:34:50.255Z",1.09382,1.09388
"exness","EURUSD","2023-06-19 00:34:57.011Z",1.09382,1.09389
"exness","EURUSD","2023-06-19 00:34:58.696Z",1.09382,1.09388
"exness","EURUSD","2023-06-19 00:35:00.682Z",1.0937999999999999,1.09386
"exness","EURUSD","2023-06-19 00:35:01.600Z",1.09379,1.09384
"exness","EURUSD","2023-06-19 00:35:01.653Z",1.0937999999999999,1.09386
"exness","EURUSD","2023-06-19 00:35:02.739Z",1.09381,1.09387
"exness","EURUSD","2023-06-19 00:35:03.767Z",1.09381,1.09388
"exness","EURUSD","2023-06-19 00:35:07.928Z",1.0937999999999999,1.09386
"exness","EURUSD","2023-06-19 00:35:08.709Z",1.09381,1.09388
"exness","EURUSD","2023-06-19 00:35:08.747Z",1.0937999999999999,1.09386
"exness","EURUSD","2023-06-19 00:35:08.835Z",1.09381,1.09388
"exness","EURUSD","2023-06-19 00:35:09.143Z",1.09383,1.09388
"exness","EURUSD","2023-06-19 00:35:10.706Z",1.09382,1.09388
"exness","EURUSD","2023-06-19 00:35:10.812Z",1.0937999999999999,1.09386
"exness","EURUSD","2023-06-19 00:35:11.913Z",1.09379,1.09386
"exness","EURUSD","2023-06-19 00:35:13.087Z",1.09379,1.09385
"exness","EURUSD","2023-06-19 00:35:17.709Z",1.09378,1.09384
"exness","EURUSD","2023-06-19 00:35:18.853Z",1.09379,1.09385
"exness","EURUSD","2023-06-19 00:35:21.511Z",1.0937999999999999,1.09386
"exness","EURUSD","2023-06-19 00:35:22.559Z",1.0937999999999999,1.09385
"exness","EURUSD","2023-06-19 00:35:23.914Z",1.0937999999999999,1.09386
"exness","EURUSD","2023-06-19 00:35:25.243Z",1.09379,1.09386
"exness","EURUSD","2023-06-19 00:35:26.276Z",1.0937999999999999,1.09386
"exness","EURUSD","2023-06-19 00:35:27.667Z",1.09379,1.09386
"exness","EURUSD","2023-06-19 00:35:28.712Z",1.0937999999999999,1.09386
"exness","EURUSD","2023-06-19 00:35:29.726Z",1.09379,1.09385
"exness","EURUSD","2023-06-19 00:35:31.118Z",1.09381,1.09387
"exness","EURUSD","2023-06-19 00:35:32.146Z",1.09382,1.09388
"exness","EURUSD","2023-06-19 00:35:38.884Z",1.09383,1.09389
"exness","EURUSD","2023-06-19 00:35:41.188Z",1.09383,1.0939
"exness","EURUSD","2023-06-19 00:35:44.338Z",1.09384,1.09389
"exness","EURUSD","2023-06-19 00:35:52.393Z",1.09383,1.0939
"exness","EURUSD","2023-06-19 00:35:55.312Z",1.09383,1.09388
"exness","EURUSD","2023-06-19 00:35:57.386Z",1.09383,1.0939
"exness","EURUSD","2023-06-19 00:36:02.394Z",1.09384,1.0939
"exness","EURUSD","2023-06-19 00:36:03.502Z",1.09384,1.09391
"exness","EURUSD","2023-06-19 00:36:04.522Z",1.09384,1.0939
"exness","EURUSD","2023-06-19 00:36:10.840Z",1.09385,1.09392
"exness","EURUSD","2023-06-19 00:36:12.216Z",1.09386,1.09392
"exness","EURUSD","2023-06-19 00:36:13.705Z",1.09385,1.0939
"exness","EURUSD","2023-06-19 00:36:16.253Z",1.09386,1.09391
"exness","EURUSD","2023-06-19 00:36:17.641Z",1.09385,1.09391
"exness","EURUSD","2023-06-19 00:36:20.293Z",1.09386,1.09393
"exness","EURUSD","2023-06-19 00:36:20.314Z",1.09388,1.09394
"exness","EURUSD","2023-06-19 00:36:20.386Z",1.0939,1.09396
"exness","EURUSD","2023-06-19 00:36:20.481Z",1.09392,1.09397
"exness","EURUSD","2023-06-19 00:36:21.669Z",1.09391,1.09398
"exness","EURUSD","2023-06-19 00:36:25.221Z",1.09392,1.09398
"exness","EURUSD","2023-06-19 00:36:29.375Z",1.09394,1.094
"exness","EURUSD","2023-06-19 00:36:32.780Z",1.09394,1.09401
"exness","EURUSD","2023-06-19 00:36:34.817Z",1.09394,1.094
"exness","EURUSD","2023-06-19 00:36:36.848Z",1.09394,1.09401
"exness","EURUSD","2023-06-19 00:36:37.924Z",1.09394,1.094
"exness","EURUSD","2023-06-19 00:36:39.118Z",1.09394,1.09401
"exness","EURUSD","2023-06-19 00:36:42.967Z",1.09395,1.09402
"exness","EURUSD","2023-06-19 00:36:45.864Z",1.09394,1.094
"exness","EURUSD","2023-06-19 00:36:47.947Z",1.09396,1.09402
"exness","EURUSD","2023-06-19 00:36:48.025Z",1.09397,1.09402
"exness","EURUSD","2023-06-19 00:36:48.046Z",1.09398,1.09404
"exness","EURUSD","2023-06-19 00:36:48.183Z",1.094,1.09405
"exness","EURUSD","2023-06-19 00:36:48.384Z",1.09398,1.09404
"exness","EURUSD","2023-06-19 00:36:49.363Z",1.09398,1.09403
"exness","EURUSD","2023-06-19 00:36:57.219Z",1.09397,1.09403
"exness","EURUSD","2023-06-19 00:37:12.305Z",1.09398,1.09404
"exness","EURUSD","2023-06-19 00:37:19.361Z",1.09398,1.09403
"exness","EURUSD","2023-06-19 00:37:24.244Z",1.09398,1.09404
"exness","EURUSD","2023-06-19 00:37:28.813Z",1.09398,1.09403
"exness","EURUSD","2023-06-19 00:37:30.928Z",1.09398,1.09404
"exness","EURUSD","2023-06-19 00:37:32.081Z",1.09397,1.09403
"exness","EURUSD","2023-06-19 00:37:41.129Z",1.09397,1.09402
"exness","EURUSD","2023-06-19 00:37:41.451Z",1.09398,1.09404
"exness","EURUSD","2023-06-19 00:37:44.117Z",1.09399,1.09405
"exness","EURUSD","2023-06-19 00:37:45.170Z",1.09398,1.09405
"exness","EURUSD","2023-06-19 00:37:45.284Z",1.09398,1.09403
"exness","EURUSD","2023-06-19 00:37:45.305Z",1.09396,1.09403
"exness","EURUSD","2023-06-19 00:37:46.759Z",1.09395,1.09402
"exness","EURUSD","2023-06-19 00:37:47.954Z",1.09395,1.09401
"exness","EURUSD","2023-06-19 00:37:49.990Z",1.09394,1.09401
"exness","EURUSD","2023-06-19 00:37:51.724Z",1.09394,1.094
"exness","EURUSD","2023-06-19 00:37:53.929Z",1.09395,1.09401
"exness","EURUSD","2023-06-19 00:37:56.824Z",1.09395,1.09402
"exness","EURUSD","2023-06-19 00:38:00.080Z",1.09396,1.09402
"exness","EURUSD","2023-06-19 00:38:01.191Z",1.09395,1.09401
"exness","EURUSD","2023-06-19 00:38:03.581Z",1.09393,1.094
"exness","EURUSD","2023-06-19 00:38:03.808Z",1.09393,1.09398
"exness","EURUSD","2023-06-19 00:38:06.297Z",1.09392,1.09397
"exness","EURUSD","2023-06-19 00:38:10.036Z",1.09392,1.09398
"exness","EURUSD","2023-06-19 00:38:10.752Z",1.0939,1.09396
"exness","EURUSD","2023-06-19 00:38:10.873Z",1.09388,1.09395
"exness","EURUSD","2023-06-19 00:38:12.213Z",1.09388,1.09394
"exness","EURUSD","2023-06-19 00:38:14.118Z",1.09388,1.09393
"exness","EURUSD","2023-06-19 00:38:14.199Z",1.09389,1.09395
"exness","EURUSD","2023-06-19 00:38:15.246Z",1.09388,1.09394
"exness","EURUSD","2023-06-19 00:38:17.350Z",1.09388,1.09395
"exness","EURUSD","2023-06-19 00:38:18.404Z",1.0939,1.09395
"exness","EURUSD","2023-06-19 00:38:19.667Z",1.0939,1.09396
"exness","EURUSD","2023-06-19 00:38:23.706Z",1.0939,1.09397
"exness","EURUSD","2023-06-19 00:38:28.749Z",1.09391,1.09396
"exness","EURUSD","2023-06-19 00:38:29.764Z",1.0939,1.09396
"exness","EURUSD","2023-06-19 00:38:30.863Z",1.0939,1.09395
"exness","EURUSD","2023-06-19 00:38:36.853Z",1.0939,1.09396
"exness","EURUSD","2023-06-19 00:38:42.543Z",1.09392,1.09398
"exness","EURUSD","2023-06-19 00:38:50.253Z",1.09393,1.09398
"exness","EURUSD","2023-06-19 00:38:54.432Z",1.09392,1.09399
"exness","EURUSD","2023-06-19 00:38:56.809Z",1.09392,1.09398
"exness","EURUSD","2023-06-19 00:39:13.624Z",1.09391,1.09397
"exness","EURUSD","2023-06-19 00:39:14.864Z",1.0939,1.09396
"exness","EURUSD","2023-06-19 00:39:15.887Z",1.0939,1.09395
"exness","EURUSD","2023-06-19 00:39:19.606Z",1.09389,1.09395
"exness","EURUSD","2023-06-19 00:39:20.791Z",1.0939,1.09396
"exness","EURUSD","2023-06-19 00:39:27.776Z",1.09389,1.09396
"exness","EURUSD","2023-06-19 00:39:42.268Z",1.0939,1.09396
"exness","EURUSD","2023-06-19 00:39:42.333Z",1.09389,1.09396
"exness","EURUSD","2023-06-19 00:39:43.504Z",1.0939,1.09395
"exness","EURUSD","2023-06-19 00:39:44.762Z",1.09389,1.09395
"exness","EURUSD","2023-06-19 00:39:51.724Z",1.09387,1.09393
"exness","EURUSD","2023-06-19 00:39:52.784Z",1.09388,1.09393
"exness","EURUSD","2023-06-19 00:39:54.701Z",1.09387,1.09394
"exness","EURUSD","2023-06-19 00:39:56.008Z",1.09388,1.09393
"exness","EURUSD","2023-06-19 00:39:58.932Z",1.09387,1.09393
"exness","EURUSD","2023-06-19 00:39:59.637Z",1.09388,1.09394
"exness","EURUSD","2023-06-19 00:40:00.895Z",1.09388,1.09395
"exness","EURUSD","2023-06-19 00:40:00.915Z",1.0939,1.09396
"exness","EURUSD","2023-06-19 00:40:03.334Z",1.0939,1.09397
"exness","EURUSD","2023-06-19 00:40:04.872Z",1.0939,1.09396
"exness","EURUSD","2023-06-19 00:40:06.331Z",1.09391,1.09396
"exness","EURUSD","2023-06-19 00:40:11.210Z",1.09389,1.09395
"exness","EURUSD","2023-06-19 00:40:11.282Z",1.09387,1.09394
"exness","EURUSD","2023-06-19 00:40:12.331Z",1.09387,1.09393
"exness","EURUSD","2023-06-19 00:40:20.158Z",1.09388,1.09393
"exness","EURUSD","2023-06-19 00:40:27.358Z",1.09386,1.09392
"exness","EURUSD","2023-06-19 00:40:32.986Z",1.09388,1.09394
"exness","EURUSD","2023-06-19 00:40:41.006Z",1.09388,1.09393
"exness","EURUSD","2023-06-19 00:40:54.188Z",1.09387,1.09393
"exness","EURUSD","2023-06-19 00:40:58.753Z",1.09387,1.09392
"exness","EURUSD","2023-06-19 00:41:04.982Z",1.09388,1.09393
"exness","EURUSD","2023-06-19 00:41:07.832Z",1.09387,1.09392
"exness","EURUSD","2023-06-19 00:41:09.736Z",1.09388,1.09393
"exness","EURUSD","2023-06-19 00:41:12.854Z",1.09387,1.09393
"exness","EURUSD","2023-06-19 00:41:19.977Z",1.09385,1.09391
"exness","EURUSD","2023-06-19 00:41:20.153Z",1.09384,1.0939
"exness","EURUSD","2023-06-19 00:41:21.127Z",1.09383,1.09388
"exness","EURUSD","2023-06-19 00:41:29.909Z",1.09383,1.09389
"exness","EURUSD","2023-06-19 00:41:31.691Z",1.09384,1.0939
"exness","EURUSD","2023-06-19 00:41:31.736Z",1.09386,1.09392
"exness","EURUSD","2023-06-19 00:41:32.891Z",1.09387,1.09394
"exness","EURUSD","2023-06-19 00:41:33.993Z",1.09388,1.09394
"exness","EURUSD","2023-06-19 00:41:37.287Z",1.09387,1.09394
"exness","EURUSD","2023-06-19 00:41:38.666Z",1.09386,1.09393
"exness","EURUSD","2023-06-19 00:41:39.728Z",1.09386,1.09392
"exness","EURUSD","2023-06-19 00:41:44.444Z",1.09385,1.0939
"exness","EURUSD","2023-06-19 00:41:45.341Z",1.09383,1.0939
"exness","EURUSD","2023-06-19 00:41:45.401Z",1.09382,1.09388
"exness","EURUSD","2023-06-19 00:41:45.492Z",1.09383,1.09389
"exness","EURUSD","2023-06-19 00:41:45.530Z",1.09385,1.0939
"exness","EURUSD","2023-06-19 00:41:45.839Z",1.09385,1.09391
"exness","EURUSD","2023-06-19 00:41:46.862Z",1.09385,1.09392
"exness","EURUSD","2023-06-19 00:41:47.877Z",1.09385,1.09391
"exness","EURUSD","2023-06-19 00:42:00.606Z",1.09385,1.09392
"exness","EURUSD","2023-06-19 00:42:01.034Z",1.09387,1.09393
"exness","EURUSD","2023-06-19 00:42:01.288Z",1.09389,1.09394
"exness","EURUSD","2023-06-19 00:42:02.799Z",1.09389,1.09395
"exness","EURUSD","2023-06-19 00:42:06.268Z",1.0939,1.09395
"exness","EURUSD","2023-06-19 00:42:13.004Z",1.09389,1.09396
"exness","EURUSD","2023-06-19 00:42:14.381Z",1.0939,1.09396
"exness","EURUSD","2023-06-19 00:42:14.987Z",1.09391,1.09397
"exness","EURUSD","2023-06-19 00:42:16.894Z",1.0939,1.09397
"exness","EURUSD","2023-06-19 00:42:17.985Z",1.09392,1.09398
"exness","EURUSD","2023-06-19 00:42:21.375Z",1.09392,1.09399
"exness","EURUSD","2023-06-19 00:42:22.437Z",1.09392,1.09398
"exness","EURUSD","2023-06-19 00:42:23.634Z",1.09392,1.09399
"exness","EURUSD","2023-06-19 00:42:27.209Z",1.09392,1.09398
"exness","EURUSD","2023-06-19 00:42:30.314Z",1.09393,1.09399
"exness","EURUSD","2023-06-19 00:42:35.923Z",1.09393,1.094
"exness","EURUSD","2023-06-19 00:42:38.241Z",1.09393,1.09399
"exness","EURUSD","2023-06-19 00:42:39.470Z",1.09393,1.09398
"exness","EURUSD","2023-06-19 00:42:41.505Z",1.09392,1.09398
"exness","EURUSD","2023-06-19 00:42:42.332Z",1.09391,1.09396
"exness","EURUSD","2023-06-19 00:42:48.230Z",1.09389,1.09395
"exness","EURUSD","2023-06-19 00:42:48.241Z",1.09387,1.09394
"exness","EURUSD","2023-06-19 00:42:48.284Z",1.09386,1.09392
"exness","EURUSD","2023-06-19 00:42:49.300Z",1.09385,1.09392
"exness","EURUSD","2023-06-19 00:42:49.893Z",1.09387,1.09392
"exness","EURUSD","2023-06-19 00:42:50.053Z",1.09385,1.09391
"exness","EURUSD","2023-06-19 00:42:51.046Z",1.09384,1.0939
"exness","EURUSD","2023-06-19 00:42:52.041Z",1.09383,1.09388
"exness","EURUSD","2023-06-19 00:42:54.411Z",1.09383,1.09389
"exness","EURUSD","2023-06-19 00:42:56.370Z",1.09384,1.09391
"exness","EURUSD","2023-06-19 00:42:57.506Z",1.09385,1.0939
"exness","EURUSD","2023-06-19 00:43:01.983Z",1.09384,1.09391
"exness","EURUSD","2023-06-19 00:43:05.905Z",1.09384,1.0939
"exness","EURUSD","2023-06-19 00:43:23.897Z",1.09386,1.09392
"exness","EURUSD","2023-06-19 00:43:24.150Z",1.09387,1.09393
"exness","EURUSD","2023-06-19 00:43:25.398Z",1.09387,1.09394
"exness","EURUSD","2023-06-19 00:43:27.141Z",1.09389,1.09394
"exness","EURUSD","2023-06-19 00:43:27.192Z",1.09389,1.09395
"exness","EURUSD","2023-06-19 00:43:28.964Z",1.0939,1.09397
"exness","EURUSD","2023-06-19 00:43:29.648Z",1.09392,1.09398
"exness","EURUSD","2023-06-19 00:43:32.196Z",1.09392,1.09399
"exness","EURUSD","2023-06-19 00:43:33.239Z",1.09393,1.09398
"exness","EURUSD","2023-06-19 00:43:34.354Z",1.09393,1.09399
"exness","EURUSD","2023-06-19 00:43:35.439Z",1.09392,1.09399
"exness","EURUSD","2023-06-19 00:43:36.520Z",1.09392,1.09398
"exness","EURUSD","2023-06-19 00:44:04.676Z",1.0939,1.09397
"exness","EURUSD","2023-06-19 00:44:06.164Z",1.09389,1.09395
"exness","EURUSD","2023-06-19 00:44:08.386Z",1.09388,1.09394
"exness","EURUSD","2023-06-19 00:44:12.266Z",1.09389,1.09394
"exness","EURUSD","2023-06-19 00:44:13.311Z",1.09388,1.09393
"exness","EURUSD","2023-06-19 00:44:17.516Z",1.09387,1.09393
"exness","EURUSD","2023-06-19 00:44:29.504Z",1.09388,1.09394
"exness","EURUSD","2023-06-19 00:44:30.584Z",1.09387,1.09393
"exness","EURUSD","2023-06-19 00:44:32.953Z",1.09387,1.09392
"exness","EURUSD","2023-06-19 00:44:37.230Z",1.09387,1.09393
"exness","EURUSD","2023-06-19 00:44:44.295Z",1.09385,1.09391
"exness","EURUSD","2023-06-19 00:44:44.388Z",1.09384,1.0939
"exness","EURUSD","2023-06-19 00:44:45.441Z",1.09383,1.09389
"exness","EURUSD","2023-06-19 00:44:46.518Z",1.09383,1.09388
"exness","EURUSD","2023-06-19 00:44:46.744Z",1.09381,1.09388
"exness","EURUSD","2023-06-19 00:44:46.823Z",1.0937999999999999,1.09386
"exness","EURUSD","2023-06-19 00:44:47.508Z",1.09378,1.09385
"exness","EURUSD","2023-06-19 00:44:47.548Z",1.09377,1.09383
"exness","EURUSD","2023-06-19 00:44:48.601Z",1.09378,1.09383
"exness","EURUSD","2023-06-19 00:44:49.622Z",1.09377,1.09383
"exness","EURUSD","2023-06-19 00:44:54.613Z",1.09378,1.09384
"exness","EURUSD","2023-06-19 00:44:56.582Z",1.09376,1.09382
"exness","EURUSD","2023-06-19 00:44:56.595Z",1.09375,1.09381
"exness","EURUSD","2023-06-19 00:44:56.623Z",1.09373,1.09379
"exness","EURUSD","2023-06-19 00:44:56.654Z",1.09371,1.09378
"exness","EURUSD","2023-06-19 00:44:56.702Z",1.0937000000000001,1.09376
"exness","EURUSD","2023-06-19 00:44:57.201Z",1.0937000000000001,1.09375
"exness","EURUSD","2023-06-19 00:44:58.283Z",1.0937000000000001,1.09376
"exness","EURUSD","2023-06-19 00:44:59.432Z",1.09371,1.09377
"exness","EURUSD","2023-06-19 00:45:00.673Z",1.09371,1.09378
"exness","EURUSD","2023-06-19 00:45:01.210Z",1.09373,1.09379
"exness","EURUSD","2023-06-19 00:45:02.626Z",1.09374,1.0937999999999999
"exness","EURUSD","2023-06-19 00:45:02.645Z",1.09375,1.09381
"exness","EURUSD","2023-06-19 00:45:02.669Z",1.09377,1.09383
"exness","EURUSD","2023-06-19 00:45:02.836Z",1.09378,1.09383
"exness","EURUSD","2023-06-19 00:45:02.868Z",1.09377,1.09383
"exness","EURUSD","2023-06-19 00:45:03.108Z",1.09375,1.09381
"exness","EURUSD","2023-06-19 00:45:03.409Z",1.09377,1.09383
"exness","EURUSD","2023-06-19 00:45:03.933Z",1.09378,1.09385
"exness","EURUSD","2023-06-19 00:45:07.528Z",1.0937999999999999,1.09385
"exness","EURUSD","2023-06-19 00:45:08.872Z",1.09379,1.09385
"exness","EURUSD","2023-06-19 00:45:16.862Z",1.09378,1.09385
"exness","EURUSD","2023-06-19 00:45:22.626Z",1.09377,1.09383
"exness","EURUSD","2023-06-19 00:45:34.704Z",1.09376,1.09383
"exness","EURUSD","2023-06-19 00:45:34.898Z",1.09375,1.09381
"exness","EURUSD","2023-06-19 00:45:35.960Z",1.09374,1.0937999999999999
"exness","EURUSD","2023-06-19 00:45:42.560Z",1.09374,1.09379
"exness","EURUSD","2023-06-19 00:45:44.167Z",1.09375,1.09381
"exness","EURUSD","2023-06-19 00:45:44.396Z",1.09376,1.09382
"exness","EURUSD","2023-06-19 00:45:44.537Z",1.09378,1.09383
"exness","EURUSD","2023-06-19 00:45:47.051Z",1.09377,1.09383
"exness","EURUSD","2023-06-19 00:45:48.112Z",1.09378,1.09383
"exness","EURUSD","2023-06-19 00:45:50.406Z",1.09376,1.09382
"exness","EURUSD","2023-06-19 00:45:50.504Z",1.09374,1.0937999999999999
"exness","EURUSD","2023-06-19 00:45:51.620Z",1.09373,1.0937999999999999
"exness","EURUSD","2023-06-19 00:45:58.727Z",1.09374,1.09379
"exness","EURUSD","2023-06-19 00:46:02.919Z",1.09373,1.0937999999999999
"exness","EURUSD","2023-06-19 00:46:03.940Z",1.09374,1.0937999999999999
"exness","EURUSD","2023-06-19 00:46:08.095Z",1.09373,1.09379
"exness","EURUSD","2023-06-19 00:46:11.971Z",1.09373,1.0937999999999999
"exness","EURUSD","2023-06-19 00:46:14.570Z",1.09373,1.09379
"exness","EURUSD","2023-06-19 00:46:20.273Z",1.09373,1.0937999999999999
"exness","EURUSD","2023-06-19 00:46:21.275Z",1.09374,1.0937999999999999
"exness","EURUSD","2023-06-19 00:46:38.578Z",1.09376,1.09382
"exness","EURUSD","2023-06-19 00:46:39.253Z",1.09377,1.09383
"exness","EURUSD","2023-06-19 00:46:41.119Z",1.09378,1.09384
"exness","EURUSD","2023-06-19 00:46:46.492Z",1.09378,1.09383
"exness","EURUSD","2023-06-19 00:46:48.319Z",1.09377,1.09384
"exness","EURUSD","2023-06-19 00:46:49.348Z",1.09378,1.09384
"exness","EURUSD","2023-06-19 00:46:52.938Z",1.09378,1.09385
"exness","EURUSD","2023-06-19 00:46:54.938Z",1.0937999999999999,1.09386
"exness","EURUSD","2023-06-19 00:46:54.967Z",1.09378,1.09384
"exness","EURUSD","2023-06-19 00:46:55.136Z",1.09377,1.09383
"exness","EURUSD","2023-06-19 00:46:55.593Z",1.09375,1.09381
"exness","EURUSD","2023-06-19 00:46:56.677Z",1.09374,1.0937999999999999
"exness","EURUSD","2023-06-19 00:47:02.949Z",1.09373,1.09379
"exness","EURUSD","2023-06-19 00:47:03.993Z",1.09374,1.09379
"exness","EURUSD","2023-06-19 00:47:05.075Z",1.09373,1.0937999999999999
"exness","EURUSD","2023-06-19 00:47:07.217Z",1.09374,1.0937999999999999
"exness","EURUSD","2023-06-19 00:47:08.114Z",1.09375,1.09381
"exness","EURUSD","2023-06-19 00:47:08.130Z",1.09377,1.09383
"exness","EURUSD","2023-06-19 00:47:08.217Z",1.09378,1.09384
"exness","EURUSD","2023-06-19 00:47:11.663Z",1.09379,1.09385
"exness","EURUSD","2023-06-19 00:47:12.848Z",1.09379,1.09384
"exness","EURUSD","2023-06-19 00:47:15.421Z",1.09379,1.09385
"exness","EURUSD","2023-06-19 00:47:16.466Z",1.09378,1.09385
"exness","EURUSD","2023-06-19 00:47:20.137Z",1.09379,1.09385
"exness","EURUSD","2023-06-19 00:47:31.260Z",1.09378,1.09384
"exness","EURUSD","2023-06-19 00:47:42.296Z",1.09378,1.09385
"exness","EURUSD","2023-06-19 00:47:43.424Z",1.09379,1.09385
"exness","EURUSD","2023-06-19 00:47:49.268Z",1.09378,1.09385
"exness","EURUSD","2023-06-19 00:47:52.874Z",1.09378,1.09384
"exness","EURUSD","2023-06-19 00:47:55.480Z",1.09379,1.09384
"exness","EURUSD","2023-06-19 00:47:56.943Z",1.09378,1.09385
"exness","EURUSD","2023-06-19 00:47:59.403Z",1.09379,1.09385
"exness","EURUSD","2023-06-19 00:48:02.821Z",1.09378,1.09384
"exness","EURUSD","2023-06-19 00:48:13.299Z",1.09378,1.09385
"exness","EURUSD","2023-06-19 00:48:15.723Z",1.09379,1.09385
"exness","EURUSD","2023-06-19 00:48:23.416Z",1.09379,1.09384
"exness","EURUSD","2023-06-19 00:48:29.178Z",1.09379,1.09385
"exness","EURUSD","2023-06-19 00:48:29.195Z",1.0937999999999999,1.09386
"exness","EURUSD","2023-06-19 00:48:32.530Z",1.09379,1.09385
"exness","EURUSD","2023-06-19 00:48:36.753Z",1.0937999999999999,1.09385
"exness","EURUSD","2023-06-19 00:48:44.670Z",1.09379,1.09385
"exness","EURUSD","2023-06-19 00:48:48.040Z",1.09381,1.09387
"exness","EURUSD","2023-06-19 00:48:48.062Z",1.09382,1.09389
"exness","EURUSD","2023-06-19 00:48:48.107Z",1.09384,1.0939
"exness","EURUSD","2023-06-19 00:48:49.104Z",1.09386,1.09392
"exness","EURUSD","2023-06-19 00:48:50.114Z",1.09387,1.09393
"exness","EURUSD","2023-06-19 00:48:54.630Z",1.09388,1.09394
"exness","EURUSD","2023-06-19 00:48:55.808Z",1.09389,1.09395
"exness","EURUSD","2023-06-19 00:48:59.397Z",1.09389,1.09396
"exness","EURUSD","2023-06-19 00:49:02.719Z",1.0939,1.09396
"exness","EURUSD","2023-06-19 00:49:06.378Z",1.09391,1.09398
"exness","EURUSD","2023-06-19 00:49:07.448Z",1.09393,1.09399
"exness","EURUSD","2023-06-19 00:49:10.282Z",1.09394,1.09399
"exness","EURUSD","2023-06-19 00:49:11.969Z",1.09392,1.09398
"exness","EURUSD","2023-06-19 00:49:11.984Z",1.0939,1.09397
"exness","EURUSD","2023-06-19 00:49:13.695Z",1.0939,1.09396
"exness","EURUSD","2023-06-19 00:49:15.231Z",1.09391,1.09396
"exness","EURUSD","2023-06-19 00:49:22.826Z",1.0939,1.09396
"exness","EURUSD","2023-06-19 00:49:27.960Z",1.09389,1.09395
"exness","EURUSD","2023-06-19 00:49:29.619Z",1.09388,1.09395
"exness","EURUSD","2023-06-19 00:49:34.987Z",1.09389,1.09395
"exness","EURUSD","2023-06-19 00:49:38.617Z",1.09388,1.09395
"exness","EURUSD","2023-06-19 00:49:47.527Z",1.09389,1.09395
"exness","EURUSD","2023-06-19 00:49:54.519Z",1.0939,1.09397
"exness","EURUSD","2023-06-19 00:49:54.558Z",1.09392,1.09398
"exness","EURUSD","2023-06-19 00:49:54.589Z",1.09393,1.094
"exness","EURUSD","2023-06-19 00:49:56.932Z",1.09394,1.09399
"exness","EURUSD","2023-06-19 00:50:01.215Z",1.09394,1.094
"exness","EURUSD","2023-06-19 00:50:05.282Z",1.09393,1.09399
"exness","EURUSD","2023-06-19 00:50:07.226Z",1.09392,1.09397
"exness","EURUSD","2023-06-19 00:50:08.873Z",1.09391,1.09397
"exness","EURUSD","2023-06-19 00:50:09.342Z",1.09389,1.09396
"exness","EURUSD","2023-06-19 00:50:10.941Z",1.09388,1.09395
"exness","EURUSD","2023-06-19 00:50:12.063Z",1.09388,1.09394
"exness","EURUSD","2023-06-19 00:50:14.553Z",1.09388,1.09393
"exness","EURUSD","2023-06-19 00:50:16.058Z",1.09389,1.09395
"exness","EURUSD","2023-06-19 00:50:23.667Z",1.0939,1.09395
"exness","EURUSD","2023-06-19 00:50:26.463Z",1.09389,1.09395
"exness","EURUSD","2023-06-19 00:50:35.878Z",1.09387,1.09394
"exness","EURUSD","2023-06-19 00:50:36.427Z",1.09387,1.09392
"exness","EURUSD","2023-06-19 00:50:38.625Z",1.09387,1.09393
"exness","EURUSD","2023-06-19 00:50:39.949Z",1.09385,1.09392
"exness","EURUSD","2023-06-19 00:50:41.107Z",1.09385,1.09391
"exness","EURUSD","2023-06-19 00:50:42.108Z",1.09386,1.09392
"exness","EURUSD","2023-06-19 00:50:46.763Z",1.09385,1.09392
"exness","EURUSD","2023-06-19 00:50:51.610Z",1.09386,1.09391
"exness","EURUSD","2023-06-19 00:50:54.347Z",1.09385,1.0939
"exness","EURUSD","2023-06-19 00:50:58.577Z",1.09385,1.09391
"exness","EURUSD","2023-06-19 00:51:13.293Z",1.09383,1.09389
"exness","EURUSD","2023-06-19 00:51:13.465Z",1.09382,1.09388
"exness","EURUSD","2023-06-19 00:51:14.924Z",1.09379,1.09386
"exness","EURUSD","2023-06-19 00:51:15.938Z",1.09379,1.09385
"exness","EURUSD","2023-06-19 00:51:18.762Z",1.09378,1.09385
"exness","EURUSD","2023-06-19 00:51:27.905Z",1.09377,1.09383
"exness","EURUSD","2023-06-19 00:51:29.953Z",1.09376,1.09382
"exness","EURUSD","2023-06-19 00:51:37.317Z",1.09376,1.09381
"exness","EURUSD","2023-06-19 00:51:38.951Z",1.09376,1.09382
"exness","EURUSD","2023-06-19 00:51:47.731Z",1.09375,1.09381
"exness","EURUSD","2023-06-19 00:51:49.503Z",1.09374,1.0937999999999999
"exness","EURUSD","2023-06-19 00:51:52.778Z",1.09374,1.09379
"exness","EURUSD","2023-06-19 00:51:59.054Z",1.09373,1.0937999999999999
"exness","EURUSD","2023-06-19 00:52:06.748Z",1.09372,1.09378
"exness","EURUSD","2023-06-19 00:52:06.831Z",1.0937000000000001,1.09376
"exness","EURUSD","2023-06-19 00:52:08.065Z",1.09369,1.09375
"exness","EURUSD","2023-06-19 00:52:12.797Z",1.0937000000000001,1.09375
"exness","EURUSD","2023-06-19 00:52:16.762Z",1.09369,1.09375
"exness","EURUSD","2023-06-19 00:52:18.889Z",1.09369,1.09376
"exness","EURUSD","2023-06-19 00:52:22.369Z",1.09368,1.09374
"exness","EURUSD","2023-06-19 00:52:22.395Z",1.09366,1.09373
"exness","EURUSD","2023-06-19 00:52:23.315Z",1.09368,1.09374
"exness","EURUSD","2023-06-19 00:52:25.315Z",1.09369,1.09375
"exness","EURUSD","2023-06-19 00:52:32.019Z",1.0937000000000001,1.09375
"exness","EURUSD","2023-06-19 00:52:32.249Z",1.0937000000000001,1.09376
"exness","EURUSD","2023-06-19 00:52:32.307Z",1.09372,1.09378
"exness","EURUSD","2023-06-19 00:52:32.849Z",1.0937000000000001,1.09376
"exness","EURUSD","2023-06-19 00:52:33.259Z",1.0937000000000001,1.09375
"exness","EURUSD","2023-06-19 00:52:34.304Z",1.09369,1.09374
"exness","EURUSD","2023-06-19 00:52:38.367Z",1.09369,1.09375
"exness","EURUSD","2023-06-19 00:52:39.415Z",1.0937000000000001,1.09376
"exness","EURUSD","2023-06-19 00:52:40.106Z",1.09371,1.09378
"exness","EURUSD","2023-06-19 00:52:40.204Z",1.09373,1.09379
"exness","EURUSD","2023-06-19 00:52:40.413Z",1.09375,1.09381
"exness","EURUSD","2023-06-19 00:52:40.459Z",1.09376,1.09382
"exness","EURUSD","2023-06-19 00:52:42.204Z",1.09377,1.09383
"exness","EURUSD","2023-06-19 00:52:42.848Z",1.09378,1.09383
"exness","EURUSD","2023-06-19 00:52:44.111Z",1.09379,1.09384
"exness","EURUSD","2023-06-19 00:52:45.445Z",1.0937999999999999,1.09385
"exness","EURUSD","2023-06-19 00:52:46.982Z",1.09379,1.09385
"exness","EURUSD","2023-06-19 00:52:47.850Z",1.09377,1.09384
"exness","EURUSD","2023-06-19 00:52:48.853Z",1.09377,1.09383
"exness","EURUSD","2023-06-19 00:52:59.128Z",1.09375,1.09381
"exness","EURUSD","2023-06-19 00:52:59.134Z",1.09372,1.09379
"exness","EURUSD","2023-06-19 00:52:59.138Z",1.09371,1.09377
"exness","EURUSD","2023-06-19 00:52:59.171Z",1.09369,1.09376
"exness","EURUSD","2023-06-19 00:52:59.189Z",1.09368,1.09374
"exness","EURUSD","2023-06-19 00:52:59.238Z",1.09366,1.09373
"exness","EURUSD","2023-06-19 00:52:59.632Z",1.09368,1.09374
"exness","EURUSD","2023-06-19 00:52:59.660Z",1.0937000000000001,1.09376
"exness","EURUSD","2023-06-19 00:52:59.843Z",1.09371,1.09377
"exness","EURUSD","2023-06-19 00:53:02.816Z",1.09369,1.09376
"exness","EURUSD","2023-06-19 00:53:02.848Z",1.09368,1.09374
"exness","EURUSD","2023-06-19 00:53:02.980Z",1.09367,1.09372
"exness","EURUSD","2023-06-19 00:53:03.655Z",1.09365,1.09372
"exness","EURUSD","2023-06-19 00:53:05.314Z",1.09365,1.09371
"exness","EURUSD","2023-06-19 00:53:06.489Z",1.09365,1.0937000000000001
"exness","EURUSD","2023-06-19 00:53:07.538Z",1.09364,1.0937000000000001
"exness","EURUSD","2023-06-19 00:53:21.477Z",1.09366,1.09372
"exness","EURUSD","2023-06-19 00:53:24.233Z",1.09365,1.09372
"exness","EURUSD","2023-06-19 00:53:25.325Z",1.09365,1.09371
"exness","EURUSD","2023-06-19 00:53:27.501Z",1.09366,1.09371
"exness","EURUSD","2023-06-19 00:53:29.697Z",1.09365,1.09371
"exness","EURUSD","2023-06-19 00:53:32.319Z",1.09364,1.0937000000000001
"exness","EURUSD","2023-06-19 00:53:37.210Z",1.09364,1.09371
"exness","EURUSD","2023-06-19 00:53:38.550Z",1.09365,1.09371
"exness","EURUSD","2023-06-19 00:53:43.436Z",1.09364,1.0937000000000001
"exness","EURUSD","2023-06-19 00:53:45.953Z",1.09364,1.09369
"exness","EURUSD","2023-06-19 00:53:47.104Z",1.09364,1.0937000000000001
"exness","EURUSD","2023-06-19 00:54:04.466Z",1.09363,1.0937000000000001
"exness","EURUSD","2023-06-19 00:54:05.472Z",1.09363,1.09369
"exness","EURUSD","2023-06-19 00:54:13.271Z",1.09361,1.09368
"exness","EURUSD","2023-06-19 00:54:14.791Z",1.09361,1.09367
"exness","EURUSD","2023-06-19 00:54:16.376Z",1.0936,1.09367
"exness","EURUSD","2023-06-19 00:54:19.317Z",1.09361,1.09367
"exness","EURUSD","2023-06-19 00:54:21.607Z",1.0936,1.09366
"exness","EURUSD","2023-06-19 00:54:22.797Z",1.09359,1.09365
"exness","EURUSD","2023-06-19 00:54:23.304Z",1.09357,1.09363
"exness","EURUSD","2023-06-19 00:54:24.488Z",1.09356,1.09362
"exness","EURUSD","2023-06-19 00:54:25.117Z",1.09354,1.09361
"exness","EURUSD","2023-06-19 00:54:25.712Z",1.09354,1.09359
"exness","EURUSD","2023-06-19 00:54:30.166Z",1.09353,1.0936
"exness","EURUSD","2023-06-19 00:54:30.186Z",1.09352,1.09358
"exness","EURUSD","2023-06-19 00:54:30.231Z",1.09351,1.09356
"exness","EURUSD","2023-06-19 00:54:32.186Z",1.0935,1.09356
"exness","EURUSD","2023-06-19 00:54:33.332Z",1.09349,1.09356
"exness","EURUSD","2023-06-19 00:54:33.349Z",1.09349,1.09354
"exness","EURUSD","2023-06-19 00:54:36.346Z",1.09348,1.09354
"exness","EURUSD","2023-06-19 00:54:38.163Z",1.09349,1.09355
"exness","EURUSD","2023-06-19 00:54:39.064Z",1.09347,1.09354
"exness","EURUSD","2023-06-19 00:54:41.325Z",1.09347,1.09353
"exness","EURUSD","2023-06-19 00:54:42.178Z",1.09345,1.09351
"exness","EURUSD","2023-06-19 00:54:43.239Z",1.09346,1.09351
"exness","EURUSD","2023-06-19 00:54:43.460Z",1.09346,1.09352
"exness","EURUSD","2023-06-19 00:54:43.483Z",1.09348,1.09354
"exness","EURUSD","2023-06-19 00:54:45.014Z",1.09349,1.09354
"exness","EURUSD","2023-06-19 00:54:47.556Z",1.09347,1.09354
"exness","EURUSD","2023-06-19 00:54:48.913Z",1.09348,1.09354
"exness","EURUSD","2023-06-19 00:54:52.552Z",1.09348,1.09355
"exness","EURUSD","2023-06-19 00:54:53.548Z",1.09348,1.09354
"exness","EURUSD","2023-06-19 00:54:54.598Z",1.09348,1.09355
"exness","EURUSD","2023-06-19 00:54:55.767Z",1.09349,1.09355
"exness","EURUSD","2023-06-19 00:54:56.817Z",1.0935,1.09356
"exness","EURUSD","2023-06-19 00:54:59.707Z",1.09351,1.09356
"exness","EURUSD","2023-06-19 00:55:00.048Z",1.09349,1.09355
"exness","EURUSD","2023-06-19 00:55:00.063Z",1.09347,1.09354
"exness","EURUSD","2023-06-19 00:55:00.553Z",1.09349,1.09354
"exness","EURUSD","2023-06-19 00:55:01.010Z",1.0935,1.09356
"exness","EURUSD","2023-06-19 00:55:01.016Z",1.09348,1.09354
"exness","EURUSD","2023-06-19 00:55:01.022Z",1.09347,1.09353
"exness","EURUSD","2023-06-19 00:55:01.042Z",1.09345,1.09351
"exness","EURUSD","2023-06-19 00:55:01.074Z",1.09347,1.09353
"exness","EURUSD","2023-06-19 00:55:01.137Z",1.09348,1.09354
"exness","EURUSD","2023-06-19 00:55:02.386Z",1.09348,1.09355
"exness","EURUSD","2023-06-19 00:55:02.878Z",1.0935,1.09356
"exness","EURUSD","2023-06-19 00:55:08.468Z",1.09349,1.09356
"exness","EURUSD","2023-06-19 00:55:11.022Z",1.09349,1.09355
"exness","EURUSD","2023-06-19 00:55:13.544Z",1.0935,1.09355
"exness","EURUSD","2023-06-19 00:55:14.997Z",1.0935,1.09356
"exness","EURUSD","2023-06-19 00:55:17.125Z",1.09349,1.09355
"exness","EURUSD","2023-06-19 00:55:20.272Z",1.09348,1.09355
"exness","EURUSD","2023-06-19 00:55:20.452Z",1.09348,1.09353
"exness","EURUSD","2023-06-19 00:55:21.497Z",1.09348,1.09354
"exness","EURUSD","2023-06-19 00:55:25.517Z",1.09349,1.09354
"exness","EURUSD","2023-06-19 00:55:26.533Z",1.09348,1.09354
"exness","EURUSD","2023-06-19 00:55:27.594Z",1.09349,1.09354
"exness","EURUSD","2023-06-19 00:55:29.059Z",1.09348,1.09354
"exness","EURUSD","2023-06-19 00:55:34.632Z",1.0935,1.09356
"exness","EURUSD","2023-06-19 00:55:35.788Z",1.09351,1.09356
"exness","EURUSD","2023-06-19 00:55:41.568Z",1.09351,1.09357
"exness","EURUSD","2023-06-19 00:55:44.300Z",1.09353,1.09358
"exness","EURUSD","2023-06-19 00:55:45.676Z",1.09353,1.09359
"exness","EURUSD","2023-06-19 00:55:48.308Z",1.09354,1.09359
"exness","EURUSD","2023-06-19 00:55:51.410Z",1.09355,1.0936
"exness","EURUSD","2023-06-19 00:55:52.438Z",1.09355,1.09361
"exness","EURUSD","2023-06-19 00:55:52.888Z",1.09356,1.09362
"exness","EURUSD","2023-06-19 00:55:53.782Z",1.09358,1.09364
"exness","EURUSD","2023-06-19 00:55:56.401Z",1.09358,1.09365
"exness","EURUSD","2023-06-19 00:55:58.908Z",1.09359,1.09365
"exness","EURUSD","2023-06-19 00:56:12.032Z",1.09359,1.09366
"exness","EURUSD","2023-06-19 00:56:20.400Z",1.0936,1.09366
"exness","EURUSD","2023-06-19 00:56:21.429Z",1.09359,1.09366
"exness","EURUSD","2023-06-19 00:56:26.476Z",1.09359,1.09365
"exness","EURUSD","2023-06-19 00:56:32.094Z",1.0936,1.09365
"exness","EURUSD","2023-06-19 00:56:44.359Z",1.09359,1.09365
"exness","EURUSD","2023-06-19 00:56:55.867Z",1.0936,1.09365
"exness","EURUSD","2023-06-19 00:56:57.953Z",1.09358,1.09364
"exness","EURUSD","2023-06-19 00:57:01.459Z",1.09357,1.09363
"exness","EURUSD","2023-06-19 00:57:01.879Z",1.09357,1.09362
"exness","EURUSD","2023-06-19 00:57:03.139Z",1.09356,1.09362
"exness","EURUSD","2023-06-19 00:57:05.058Z",1.09356,1.09361
"exness","EURUSD","2023-06-19 00:57:05.281Z",1.09355,1.09361
"exness","EURUSD","2023-06-19 00:57:07.094Z",1.09354,1.0936
"exness","EURUSD","2023-06-19 00:57:09.652Z",1.09355,1.09361
"exness","EURUSD","2023-06-19 00:57:10.658Z",1.09355,1.0936
"exness","EURUSD","2023-06-19 00:57:13.093Z",1.09355,1.09361
"exness","EURUSD","2023-06-19 00:57:22.020Z",1.09354,1.09361
"exness","EURUSD","2023-06-19 00:57:23.386Z",1.09354,1.0936
"exness","EURUSD","2023-06-19 00:57:24.567Z",1.09353,1.0936
"exness","EURUSD","2023-06-19 00:57:26.932Z",1.09354,1.0936
"exness","EURUSD","2023-06-19 00:57:28.791Z",1.09355,1.09361
"exness","EURUSD","2023-06-19 00:57:30.354Z",1.09353,1.09359
"exness","EURUSD","2023-06-19 00:57:30.467Z",1.09353,1.09358
"exness","EURUSD","2023-06-19 00:57:31.663Z",1.09352,1.09358
"exness","EURUSD","2023-06-19 00:57:32.759Z",1.09353,1.09358
"exness","EURUSD","2023-06-19 00:57:35.030Z",1.09352,1.09358
"exness","EURUSD","2023-06-19 00:57:40.826Z",1.09353,1.09359
"exness","EURUSD","2023-06-19 00:57:58.506Z",1.09354,1.09359
"exness","EURUSD","2023-06-19 00:58:01.666Z",1.09353,1.09359
"exness","EURUSD","2023-06-19 00:58:02.863Z",1.09353,1.0936
"exness","EURUSD","2023-06-19 00:58:03.979Z",1.09354,1.0936
"exness","EURUSD","2023-06-19 00:58:05.009Z",1.09354,1.09361
"exness","EURUSD","2023-06-19 00:58:07.022Z",1.09355,1.0936
"exness","EURUSD","2023-06-19 00:58:08.044Z",1.09354,1.0936
"exness","EURUSD","2023-06-19 00:58:11.454Z",1.09354,1.09361
"exness","EURUSD","2023-06-19 00:58:14.709Z",1.09354,1.0936
"exness","EURUSD","2023-06-19 00:58:21.255Z",1.09354,1.09359
"exness","EURUSD","2023-06-19 00:58:22.385Z",1.09353,1.0936
"exness","EURUSD","2023-06-19 00:58:26.752Z",1.09354,1.09359
"exness","EURUSD","2023-06-19 00:58:30.183Z",1.09354,1.0936
"exness","EURUSD","2023-06-19 00:58:38.306Z",1.09355,1.0936
"exness","EURUSD","2023-06-19 00:58:41.059Z",1.09354,1.09361
"exness","EURUSD","2023-06-19 00:58:44.239Z",1.09354,1.0936
"exness","EURUSD","2023-06-19 00:58:45.288Z",1.09354,1.09361
"exness","EURUSD","2023-06-19 00:58:49.966Z",1.09355,1.09361
"exness","EURUSD","2023-06-19 00:58:51.043Z",1.09354,1.0936
"exness","EURUSD","2023-06-19 00:58:57.155Z",1.09353,1.0936
"exness","EURUSD","2023-06-19 00:59:00.415Z",1.09354,1.09359
"exness","EURUSD","2023-06-19 00:59:01.625Z",1.09355,1.09361
"exness","EURUSD","2023-06-19 00:59:01.844Z",1.09356,1.09362
"exness","EURUSD","2023-06-19 00:59:02.652Z",1.09358,1.09364
"exness","EURUSD","2023-06-19 00:59:05.159Z",1.09359,1.09364
"exness","EURUSD","2023-06-19 00:59:07.568Z",1.09359,1.09365
"exness","EURUSD","2023-06-19 00:59:10.468Z",1.0936,1.09365
"exness","EURUSD","2023-06-19 00:59:12.068Z",1.09359,1.09365
"exness","EURUSD","2023-06-19 00:59:12.079Z",1.09361,1.09367
"exness","EURUSD","2023-06-19 00:59:13.175Z",1.09361,1.09366
"exness","EURUSD","2023-06-19 00:59:15.469Z",1.0936,1.09366
"exness","EURUSD","2023-06-19 00:59:20.968Z",1.09361,1.09367
"exness","EURUSD","2023-06-19 00:59:29.077Z",1.09361,1.09366
"exness","EURUSD","2023-06-19 00:59:32.242Z",1.0936,1.09366
"exness","EURUSD","2023-06-19 00:59:38.122Z",1.0936,1.09367
"exness","EURUSD","2023-06-19 00:59:38.551Z",1.09362,1.09368
"exness","EURUSD","2023-06-19 00:59:38.617Z",1.09363,1.0937000000000001
"exness","EURUSD","2023-06-19 00:59:39.751Z",1.09364,1.09371
"exness","EURUSD","2023-06-19 00:59:43.086Z",1.09365,1.0937000000000001
"exness","EURUSD","2023-06-19 00:59:45.936Z",1.09364,1.0937000000000001
"exness","EURUSD","2023-06-19 00:59:53.866Z",1.09364,1.09371
"exness","EURUSD","2023-06-19 00:59:54.876Z",1.09364,1.0937000000000001
"exness","EURUSD","2023-06-19 00:59:56.153Z",1.09365,1.09371
"exness","EURUSD","2023-06-19 00:59:58.663Z",1.09364,1.09371
"exness","EURUSD","2023-06-19 00:59:59.973Z",1.09365,1.09371
"exness","EURUSD","2023-06-19 01:00:00.986Z",1.09364,1.0937000000000001
"exness","EURUSD","2023-06-19 01:00:01.680Z",1.09366,1.09372
"exness","EURUSD","2023-06-19 01:00:02.485Z",1.09365,1.0937000000000001
"exness","EURUSD","2023-06-19 01:00:03.504Z",1.09364,1.0937000000000001
"exness","EURUSD","2023-06-19 01:00:03.515Z",1.09363,1.09369
"exness","EURUSD","2023-06-19 01:00:03.535Z",1.09361,1.09367
"exness","EURUSD","2023-06-19 01:00:03.859Z",1.09361,1.09366
"exness","EURUSD","2023-06-19 01:00:03.955Z",1.09359,1.09365
"exness","EURUSD","2023-06-19 01:00:03.990Z",1.09358,1.09363
"exness","EURUSD","2023-06-19 01:00:06.167Z",1.09357,1.09363
"exness","EURUSD","2023-06-19 01:00:12.802Z",1.09358,1.09364
"exness","EURUSD","2023-06-19 01:00:13.919Z",1.09359,1.09365
"exness","EURUSD","2023-06-19 01:00:14.622Z",1.09361,1.09367
"exness","EURUSD","2023-06-19 01:00:14.744Z",1.09362,1.09368
"exness","EURUSD","2023-06-19 01:00:15.928Z",1.09363,1.09369
"exness","EURUSD","2023-06-19 01:00:17.034Z",1.09364,1.09369
"exness","EURUSD","2023-06-19 01:00:18.470Z",1.09364,1.0937000000000001
"exness","EURUSD","2023-06-19 01:00:19.521Z",1.09363,1.0937000000000001
"exness","EURUSD","2023-06-19 01:00:20.946Z",1.09364,1.0937000000000001
"exness","EURUSD","2023-06-19 01:00:22.053Z",1.09365,1.09371
"exness","EURUSD","2023-06-19 01:00:25.179Z",1.09365,1.09372
"exness","EURUSD","2023-06-19 01:00:26.181Z",1.09364,1.09371
"exness","EURUSD","2023-06-19 01:00:27.478Z",1.09364,1.0937000000000001
"exness","EURUSD","2023-06-19 01:00:28.485Z",1.09365,1.0937000000000001
"exness","EURUSD","2023-06-19 01:00:30.971Z",1.09364,1.0937000000000001
"exness","EURUSD","2023-06-19 01:00:46.292Z",1.09363,1.0937000000000001
"exness","EURUSD","2023-06-19 01:00:47.533Z",1.09364,1.09369
"exness","EURUSD","2023-06-19 01:00:50.048Z",1.09363,1.09369
"exness","EURUSD","2023-06-19 01:00:51.067Z",1.09362,1.09368
"exness","EURUSD","2023-06-19 01:00:52.543Z",1.09363,1.09369
"exness","EURUSD","2023-06-19 01:00:53.817Z",1.09364,1.09369
"exness","EURUSD","2023-06-19 01:00:55.803Z",1.09364,1.0937000000000001
"exness","EURUSD","2023-06-19 01:00:57.047Z",1.09365,1.09371
"exness","EURUSD","2023-06-19 01:00:59.083Z",1.09366,1.09373
"exness","EURUSD","2023-06-19 01:00:59.130Z",1.09368,1.09374
"exness","EURUSD","2023-06-19 01:00:59.608Z",1.0937000000000001,1.09375
"exness","EURUSD","2023-06-19 01:01:01.692Z",1.09368,1.09375
"exness","EURUSD","2023-06-19 01:01:02.763Z",1.09369,1.09375
"exness","EURUSD","2023-06-19 01:01:10.272Z",1.09369,1.09376
"exness","EURUSD","2023-06-19 01:01:11.313Z",1.0937000000000001,1.09375
"exness","EURUSD","2023-06-19 01:01:14.708Z",1.0937000000000001,1.09376
"exness","EURUSD","2023-06-19 01:01:21.327Z",1.09369,1.09375
"exness","EURUSD","2023-06-19 01:01:23.525Z",1.09368,1.09374
"exness","EURUSD","2023-06-19 01:01:25.928Z",1.09368,1.09373
"exness","EURUSD","2023-06-19 01:01:26.975Z",1.09368,1.09375
"exness","EURUSD","2023-06-19 01:01:29.657Z",1.09369,1.09374
"exness","EURUSD","2023-06-19 01:01:31.828Z",1.09369,1.09375
"exness","EURUSD","2023-06-19 01:01:33.852Z",1.0937000000000001,1.09377
"exness","EURUSD","2023-06-19 01:01:33.866Z",1.09372,1.09378
"exness","EURUSD","2023-06-19 01:01:33.968Z",1.09374,1.0937999999999999
"exness","EURUSD","2023-06-19 01:01:34.786Z",1.09375,1.0937999999999999
"exness","EURUSD","2023-06-19 01:01:35.647Z",1.09375,1.09382
"exness","EURUSD","2023-06-19 01:01:35.651Z",1.09377,1.09383
"exness","EURUSD","2023-06-19 01:01:35.665Z",1.09379,1.09385
"exness","EURUSD","2023-06-19 01:01:36.085Z",1.09378,1.09383
"exness","EURUSD","2023-06-19 01:01:37.092Z",1.09377,1.09383
"exness","EURUSD","2023-06-19 01:01:40.863Z",1.09379,1.09385
"exness","EURUSD","2023-06-19 01:01:41.446Z",1.0937999999999999,1.09387
"exness","EURUSD","2023-06-19 01:01:42.692Z",1.09382,1.09388
"exness","EURUSD","2023-06-19 01:01:43.710Z",1.09382,1.09389
"exness","EURUSD","2023-06-19 01:01:44.905Z",1.09383,1.09388
"exness","EURUSD","2023-06-19 01:01:45.957Z",1.09383,1.09389
"exness","EURUSD","2023-06-19 01:01:48.077Z",1.09383,1.0939
"exness","EURUSD","2023-06-19 01:01:49.224Z",1.09384,1.0939
"exness","EURUSD","2023-06-19 01:01:50.972Z",1.09386,1.09392
"exness","EURUSD","2023-06-19 01:01:51.159Z",1.09387,1.09393
"exness","EURUSD","2023-06-19 01:01:51.288Z",1.09389,1.09394
"exness","EURUSD","2023-06-19 01:01:51.794Z",1.0939,1.09395
"exness","EURUSD","2023-06-19 01:01:54.362Z",1.0939,1.09396
"exness","EURUSD","2023-06-19 01:01:56.645Z",1.0939,1.09397
"exness","EURUSD","2023-06-19 01:01:56.657Z",1.09392,1.09398
"exness","EURUSD","2023-06-19 01:02:01.626Z",1.0939,1.09396
"exness","EURUSD","2023-06-19 01:02:02.903Z",1.09392,1.09398
"exness","EURUSD","2023-06-19 01:02:03.953Z",1.09393,1.09398
"exness","EURUSD","2023-06-19 01:02:05.102Z",1.09392,1.09398
"exness","EURUSD","2023-06-19 01:02:05.861Z",1.09394,1.094
"exness","EURUSD","2023-06-19 01:02:08.435Z",1.09396,1.09402
"exness","EURUSD","2023-06-19 01:02:08.473Z",1.09397,1.09404
"exness","EURUSD","2023-06-19 01:02:08.957Z",1.09399,1.09404
"exness","EURUSD","2023-06-19 01:02:09.863Z",1.09399,1.09406
"exness","EURUSD","2023-06-19 01:02:13.744Z",1.094,1.09406
"exness","EURUSD","2023-06-19 01:02:15.958Z",1.09401,1.09406
"exness","EURUSD","2023-06-19 01:02:16.971Z",1.094,1.09407
"exness","EURUSD","2023-06-19 01:02:17.969Z",1.094,1.09406
"exness","EURUSD","2023-06-19 01:02:19.005Z",1.094,1.09407
"exness","EURUSD","2023-06-19 01:02:20.295Z",1.09402,1.09408
"exness","EURUSD","2023-06-19 01:02:20.926Z",1.09403,1.09408
"exness","EURUSD","2023-06-19 01:02:21.931Z",1.09402,1.09408
"exness","EURUSD","2023-06-19 01:02:22.309Z",1.09401,1.09407
"exness","EURUSD","2023-06-19 01:02:23.090Z",1.094,1.09405
"exness","EURUSD","2023-06-19 01:02:23.968Z",1.09399,1.09405
"exness","EURUSD","2023-06-19 01:02:25.000Z",1.09399,1.09404
"exness","EURUSD","2023-06-19 01:02:26.125Z",1.09399,1.09405
"exness","EURUSD","2023-06-19 01:02:28.281Z",1.09398,1.09405
"exness","EURUSD","2023-06-19 01:02:28.642Z",1.09397,1.09403
"exness","EURUSD","2023-06-19 01:02:28.705Z",1.09395,1.09401
"exness","EURUSD","2023-06-19 01:02:28.738Z",1.09394,1.094
"exness","EURUSD","2023-06-19 01:02:29.054Z",1.09392,1.09398
"exness","EURUSD","2023-06-19 01:02:29.144Z",1.0939,1.09396
"exness","EURUSD","2023-06-19 01:02:29.273Z",1.09389,1.09394
"exness","EURUSD","2023-06-19 01:02:30.276Z",1.0939,1.09396
"exness","EURUSD","2023-06-19 01:02:31.328Z",1.09389,1.09396
"exness","EURUSD","2023-06-19 01:02:33.344Z",1.0939,1.09396
"exness","EURUSD","2023-06-19 01:02:34.395Z",1.09391,1.09397
"exness","EURUSD","2023-06-19 01:02:36.333Z",1.09391,1.09396
"exness","EURUSD","2023-06-19 01:02:37.161Z",1.0939,1.09396
"exness","EURUSD","2023-06-19 01:02:38.285Z",1.0939,1.09395
"exness","EURUSD","2023-06-19 01:02:39.290Z",1.09389,1.09396
"exness","EURUSD","2023-06-19 01:02:42.513Z",1.09391,1.09397
"exness","EURUSD","2023-06-19 01:02:44.517Z",1.09389,1.09396
"exness","EURUSD","2023-06-19 01:02:45.585Z",1.0939,1.09395
"exness","EURUSD","2023-06-19 01:02:50.132Z",1.09388,1.09395
"exness","EURUSD","2023-06-19 01:02:52.048Z",1.09387,1.09393
"exness","EURUSD","2023-06-19 01:02:53.126Z",1.09386,1.09392
"exness","EURUSD","2023-06-19 01:02:54.628Z",1.09387,1.09392
"exness","EURUSD","2023-06-19 01:02:55.707Z",1.09386,1.09392
"exness","EURUSD","2023-06-19 01:03:01.405Z",1.09385,1.09391
"exness","EURUSD","2023-06-19 01:03:02.469Z",1.09384,1.0939
"exness","EURUSD","2023-06-19 01:03:03.302Z",1.09382,1.09388
"exness","EURUSD","2023-06-19 01:03:07.596Z",1.09382,1.09387
"exness","EURUSD","2023-06-19 01:03:10.809Z",1.09382,1.09388
"exness","EURUSD","2023-06-19 01:03:12.401Z",1.09383,1.09389
"exness","EURUSD","2023-06-19 01:03:13.819Z",1.09382,1.09388
"exness","EURUSD","2023-06-19 01:03:15.997Z",1.0937999999999999,1.09387
"exness","EURUSD","2023-06-19 01:03:17.078Z",1.09379,1.09385
"exness","EURUSD","2023-06-19 01:03:19.880Z",1.09379,1.09384
"exness","EURUSD","2023-06-19 01:03:22.074Z",1.09378,1.09384
"exness","EURUSD","2023-06-19 01:03:25.431Z",1.09379,1.09386
"exness","EURUSD","2023-06-19 01:03:25.467Z",1.09381,1.09387
"exness","EURUSD","2023-06-19 01:03:25.896Z",1.09383,1.09389
"exness","EURUSD","2023-06-19 01:03:31.696Z",1.09383,1.0939
"exness","EURUSD","2023-06-19 01:03:32.983Z",1.09383,1.09389
"exness","EURUSD","2023-06-19 01:03:33.644Z",1.09385,1.09391
"exness","EURUSD","2023-06-19 01:03:33.858Z",1.09386,1.09392
"exness","EURUSD","2023-06-19 01:03:34.983Z",1.09387,1.09394
"exness","EURUSD","2023-06-19 01:03:36.816Z",1.09387,1.09393
"exness","EURUSD","2023-06-19 01:03:39.054Z",1.09386,1.09392
"exness","EURUSD","2023-06-19 01:03:40.444Z",1.09384,1.0939
"exness","EURUSD","2023-06-19 01:03:41.650Z",1.09385,1.0939
"exness","EURUSD","2023-06-19 01:03:44.264Z",1.09383,1.09389
"exness","EURUSD","2023-06-19 01:03:48.020Z",1.09384,1.0939
"exness","EURUSD","2023-06-19 01:03:51.584Z",1.09385,1.0939
"exness","EURUSD","2023-06-19 01:03:53.046Z",1.09383,1.0939
"exness","EURUSD","2023-06-19 01:03:54.412Z",1.09383,1.09389
"exness","EURUSD","2023-06-19 01:03:56.147Z",1.09383,1.09388
"exness","EURUSD","2023-06-19 01:03:58.806Z",1.09382,1.09388
"exness","EURUSD","2023-06-19 01:03:59.711Z",1.0937999999999999,1.09386
"exness","EURUSD","2023-06-19 01:04:00.760Z",1.0937999999999999,1.09385
"exness","EURUSD","2023-06-19 01:04:01.798Z",1.09379,1.09385
"exness","EURUSD","2023-06-19 01:04:05.011Z",1.0937999999999999,1.09386
"exness","EURUSD","2023-06-19 01:04:08.178Z",1.09382,1.09388
"exness","EURUSD","2023-06-19 01:04:13.065Z",1.09382,1.09387
"exness","EURUSD","2023-06-19 01:04:16.732Z",1.09381,1.09387
"exness","EURUSD","2023-06-19 01:04:17.855Z",1.09379,1.09386
"exness","EURUSD","2023-06-19 01:04:18.569Z",1.09381,1.09387
"exness","EURUSD","2023-06-19 01:04:19.904Z",1.09382,1.09388
"exness","EURUSD","2023-06-19 01:04:23.993Z",1.09382,1.09387
"exness","EURUSD","2023-06-19 01:04:25.657Z",1.09381,1.09387
"exness","EURUSD","2023-06-19 01:04:26.765Z",1.09382,1.09388
"exness","EURUSD","2023-06-19 01:04:30.070Z",1.0937999999999999,1.09386
"exness","EURUSD","2023-06-19 01:04:30.485Z",1.0937999999999999,1.09385
"exness","EURUSD","2023-06-19 01:04:33.305Z",1.09379,1.09384
"exness","EURUSD","2023-06-19 01:04:36.616Z",1.09379,1.09385
"exness","EURUSD","2023-06-19 01:04:37.733Z",1.0937999999999999,1.09386
"exness","EURUSD","2023-06-19 01:04:38.735Z",1.0937999999999999,1.09387
"exness","EURUSD","2023-06-19 01:04:39.390Z",1.09382,1.09388
"exness","EURUSD","2023-06-19 01:04:42.415Z",1.09382,1.09387
"exness","EURUSD","2023-06-19 01:04:46.781Z",1.09383,1.09388
"exness","EURUSD","2023-06-19 01:04:49.492Z",1.09382,1.09388
"exness","EURUSD","2023-06-19 01:04:49.683Z",1.09384,1.0939
"exness","EURUSD","2023-06-19 01:04:54.657Z",1.09384,1.09389
"exness","EURUSD","2023-06-19 01:04:55.909Z",1.09383,1.0939
"exness","EURUSD","2023-06-19 01:04:58.224Z",1.09383,1.09389
