"Exness","Symbol","Timestamp","Bid","Ask"
"exness","EURUSD","2023-06-06 00:00:01.897Z",1.0711,1.07116
"exness","EURUSD","2023-06-06 00:00:01.940Z",1.07109,1.07115
"exness","EURUSD","2023-06-06 00:00:05.446Z",1.07109,1.07114
"exness","EURUSD","2023-06-06 00:00:06.859Z",1.07106,1.07113
"exness","EURUSD","2023-06-06 00:00:10.132Z",1.07109,1.07115
"exness","EURUSD","2023-06-06 00:00:16.310Z",1.0711,1.07115
"exness","EURUSD","2023-06-06 00:00:16.965Z",1.0711,1.07117
"exness","EURUSD","2023-06-06 00:00:20.098Z",1.07113,1.07119
"exness","EURUSD","2023-06-06 00:00:20.124Z",1.07114,1.07121
"exness","EURUSD","2023-06-06 00:00:20.476Z",1.07116,1.07121
"exness","EURUSD","2023-06-06 00:00:20.869Z",1.07115,1.07121
"exness","EURUSD","2023-06-06 00:00:26.963Z",1.07116,1.07122
"exness","EURUSD","2023-06-06 00:00:45.477Z",1.07115,1.07121
"exness","EURUSD","2023-06-06 00:00:53.710Z",1.07114,1.0712
"exness","EURUSD","2023-06-06 00:00:58.838Z",1.07112,1.07118
"exness","EURUSD","2023-06-06 00:00:58.852Z",1.0711,1.07116
"exness","EURUSD","2023-06-06 00:00:58.879Z",1.07109,1.07115
"exness","EURUSD","2023-06-06 00:00:58.947Z",1.07108,1.07113
"exness","EURUSD","2023-06-06 00:01:03.999Z",1.07107,1.07113
"exness","EURUSD","2023-06-06 00:01:21.697Z",1.07105,1.07112
"exness","EURUSD","2023-06-06 00:01:21.711Z",1.07104,1.0711
"exness","EURUSD","2023-06-06 00:01:21.778Z",1.07102,1.07109
"exness","EURUSD","2023-06-06 00:01:58.429Z",1.07102,1.07107
"exness","EURUSD","2023-06-06 00:02:02.714Z",1.071,1.07107
"exness","EURUSD","2023-06-06 00:02:06.144Z",1.07103,1.07109
"exness","EURUSD","2023-06-06 00:02:06.175Z",1.07104,1.0711
"exness","EURUSD","2023-06-06 00:02:06.236Z",1.07106,1.07112
"exness","EURUSD","2023-06-06 00:02:30.380Z",1.07107,1.07112
"exness","EURUSD","2023-06-06 00:02:30.969Z",1.07105,1.07111
"exness","EURUSD","2023-06-06 00:02:33.088Z",1.07103,1.07109
"exness","EURUSD","2023-06-06 00:02:34.498Z",1.07102,1.07107
"exness","EURUSD","2023-06-06 00:02:38.277Z",1.07101,1.07107
"exness","EURUSD","2023-06-06 00:02:39.141Z",1.07099,1.07106
"exness","EURUSD","2023-06-06 00:02:39.247Z",1.07098,1.07104
"exness","EURUSD","2023-06-06 00:02:40.270Z",1.07096,1.07103
"exness","EURUSD","2023-06-06 00:02:42.193Z",1.07099,1.07105
"exness","EURUSD","2023-06-06 00:02:42.227Z",1.071,1.07107
"exness","EURUSD","2023-06-06 00:02:46.075Z",1.07102,1.07107
"exness","EURUSD","2023-06-06 00:02:54.122Z",1.07101,1.07107
"exness","EURUSD","2023-06-06 00:02:54.306Z",1.071,1.07105
"exness","EURUSD","2023-06-06 00:03:11.260Z",1.071,1.07107
"exness","EURUSD","2023-06-06 00:03:13.340Z",1.07102,1.07108
"exness","EURUSD","2023-06-06 00:03:13.359Z",1.07104,1.0711
"exness","EURUSD","2023-06-06 00:03:13.451Z",1.07105,1.07111
"exness","EURUSD","2023-06-06 00:03:14.452Z",1.07106,1.07111
"exness","EURUSD","2023-06-06 00:03:22.394Z",1.07107,1.07113
"exness","EURUSD","2023-06-06 00:03:22.542Z",1.07109,1.07115
"exness","EURUSD","2023-06-06 00:03:23.091Z",1.0711,1.07117
"exness","EURUSD","2023-06-06 00:03:37.415Z",1.07112,1.07118
"exness","EURUSD","2023-06-06 00:03:37.441Z",1.07114,1.07119
"exness","EURUSD","2023-06-06 00:03:37.452Z",1.07114,1.0712
"exness","EURUSD","2023-06-06 00:03:37.491Z",1.07116,1.07121
"exness","EURUSD","2023-06-06 00:03:40.154Z",1.07117,1.07124
"exness","EURUSD","2023-06-06 00:03:40.335Z",1.07119,1.07125
"exness","EURUSD","2023-06-06 00:03:40.439Z",1.07121,1.07127
"exness","EURUSD","2023-06-06 00:03:40.465Z",1.07122,1.07128
"exness","EURUSD","2023-06-06 00:03:40.759Z",1.07124,1.0713
"exness","EURUSD","2023-06-06 00:03:46.777Z",1.07125,1.07132
"exness","EURUSD","2023-06-06 00:03:47.492Z",1.07127,1.07132
"exness","EURUSD","2023-06-06 00:03:47.621Z",1.07127,1.0713300000000001
"exness","EURUSD","2023-06-06 00:03:54.336Z",1.07126,1.07132
"exness","EURUSD","2023-06-06 00:03:54.493Z",1.07124,1.0713
"exness","EURUSD","2023-06-06 00:03:59.235Z",1.07123,1.07129
"exness","EURUSD","2023-06-06 00:04:00.975Z",1.07123,1.07128
"exness","EURUSD","2023-06-06 00:04:03.007Z",1.07121,1.07128
"exness","EURUSD","2023-06-06 00:04:03.044Z",1.0712,1.07126
"exness","EURUSD","2023-06-06 00:04:11.234Z",1.07121,1.07127
"exness","EURUSD","2023-06-06 00:04:14.713Z",1.07121,1.07126
"exness","EURUSD","2023-06-06 00:04:30.812Z",1.0712,1.07126
"exness","EURUSD","2023-06-06 00:04:30.874Z",1.07118,1.07124
"exness","EURUSD","2023-06-06 00:04:31.656Z",1.07116,1.07123
"exness","EURUSD","2023-06-06 00:04:32.402Z",1.07115,1.07121
"exness","EURUSD","2023-06-06 00:05:04.161Z",1.07117,1.07122
"exness","EURUSD","2023-06-06 00:05:08.807Z",1.07115,1.07122
"exness","EURUSD","2023-06-06 00:05:20.251Z",1.07116,1.07123
"exness","EURUSD","2023-06-06 00:05:20.489Z",1.07118,1.07124
"exness","EURUSD","2023-06-06 00:05:28.665Z",1.07119,1.07124
"exness","EURUSD","2023-06-06 00:05:43.373Z",1.07118,1.07124
"exness","EURUSD","2023-06-06 00:05:43.390Z",1.07116,1.07122
"exness","EURUSD","2023-06-06 00:05:43.446Z",1.07114,1.07121
"exness","EURUSD","2023-06-06 00:05:44.062Z",1.07114,1.07119
"exness","EURUSD","2023-06-06 00:05:44.131Z",1.07112,1.07119
"exness","EURUSD","2023-06-06 00:05:53.530Z",1.07115,1.07121
"exness","EURUSD","2023-06-06 00:05:53.541Z",1.07116,1.07123
"exness","EURUSD","2023-06-06 00:05:53.559Z",1.07118,1.07124
"exness","EURUSD","2023-06-06 00:05:53.585Z",1.07119,1.07126
"exness","EURUSD","2023-06-06 00:05:53.598Z",1.07121,1.07126
"exness","EURUSD","2023-06-06 00:05:59.404Z",1.07121,1.07127
"exness","EURUSD","2023-06-06 00:05:59.467Z",1.0712,1.07126
"exness","EURUSD","2023-06-06 00:05:59.488Z",1.07118,1.07124
"exness","EURUSD","2023-06-06 00:05:59.531Z",1.07116,1.07123
"exness","EURUSD","2023-06-06 00:06:02.313Z",1.07115,1.07122
"exness","EURUSD","2023-06-06 00:06:02.340Z",1.07115,1.0712
"exness","EURUSD","2023-06-06 00:06:17.428Z",1.07115,1.07122
"exness","EURUSD","2023-06-06 00:06:17.951Z",1.07117,1.07123
"exness","EURUSD","2023-06-06 00:06:22.147Z",1.07116,1.07121
"exness","EURUSD","2023-06-06 00:06:23.263Z",1.07114,1.07121
"exness","EURUSD","2023-06-06 00:06:26.964Z",1.07114,1.07119
"exness","EURUSD","2023-06-06 00:06:32.485Z",1.07113,1.07119
"exness","EURUSD","2023-06-06 00:06:36.478Z",1.07115,1.07121
"exness","EURUSD","2023-06-06 00:06:36.914Z",1.07116,1.07121
"exness","EURUSD","2023-06-06 00:06:37.414Z",1.07115,1.07121
"exness","EURUSD","2023-06-06 00:06:44.570Z",1.07116,1.07122
"exness","EURUSD","2023-06-06 00:06:45.407Z",1.07117,1.07122
"exness","EURUSD","2023-06-06 00:07:46.489Z",1.07117,1.07124
"exness","EURUSD","2023-06-06 00:07:58.978Z",1.07115,1.07121
"exness","EURUSD","2023-06-06 00:08:18.064Z",1.07117,1.07122
"exness","EURUSD","2023-06-06 00:08:28.741Z",1.07118,1.07124
"exness","EURUSD","2023-06-06 00:08:28.756Z",1.07119,1.07126
"exness","EURUSD","2023-06-06 00:08:29.261Z",1.07121,1.07127
"exness","EURUSD","2023-06-06 00:08:36.836Z",1.07122,1.07127
"exness","EURUSD","2023-06-06 00:08:40.592Z",1.07121,1.07127
"exness","EURUSD","2023-06-06 00:08:40.637Z",1.07119,1.07126
"exness","EURUSD","2023-06-06 00:08:44.397Z",1.07121,1.07127
"exness","EURUSD","2023-06-06 00:08:45.102Z",1.07119,1.07125
"exness","EURUSD","2023-06-06 00:08:58.333Z",1.07118,1.07124
"exness","EURUSD","2023-06-06 00:09:35.146Z",1.07117,1.07123
"exness","EURUSD","2023-06-06 00:09:51.663Z",1.07119,1.07125
"exness","EURUSD","2023-06-06 00:09:52.234Z",1.07121,1.07127
"exness","EURUSD","2023-06-06 00:09:55.657Z",1.07122,1.07128
"exness","EURUSD","2023-06-06 00:10:02.139Z",1.07123,1.07129
"exness","EURUSD","2023-06-06 00:10:02.225Z",1.07124,1.07131
"exness","EURUSD","2023-06-06 00:10:02.744Z",1.07126,1.07132
"exness","EURUSD","2023-06-06 00:10:03.814Z",1.07128,1.07134
"exness","EURUSD","2023-06-06 00:10:05.073Z",1.07126,1.07132
"exness","EURUSD","2023-06-06 00:10:06.508Z",1.07128,1.07134
"exness","EURUSD","2023-06-06 00:10:08.408Z",1.07126,1.07132
"exness","EURUSD","2023-06-06 00:10:25.757Z",1.07127,1.07134
"exness","EURUSD","2023-06-06 00:10:29.731Z",1.07129,1.07134
"exness","EURUSD","2023-06-06 00:11:09.969Z",1.0713,1.07136
"exness","EURUSD","2023-06-06 00:11:10.040Z",1.07132,1.07138
"exness","EURUSD","2023-06-06 00:11:10.058Z",1.0713300000000001,1.0714
"exness","EURUSD","2023-06-06 00:11:10.083Z",1.07135,1.0714
"exness","EURUSD","2023-06-06 00:11:10.101Z",1.07136,1.07142
"exness","EURUSD","2023-06-06 00:11:10.271Z",1.07137,1.07142
"exness","EURUSD","2023-06-06 00:11:19.825Z",1.07137,1.0714299999999999
"exness","EURUSD","2023-06-06 00:11:20.404Z",1.07135,1.07142
"exness","EURUSD","2023-06-06 00:11:50.495Z",1.07137,1.0714299999999999
"exness","EURUSD","2023-06-06 00:11:56.647Z",1.07138,1.07144
"exness","EURUSD","2023-06-06 00:12:00.006Z",1.07139,1.07146
"exness","EURUSD","2023-06-06 00:12:00.134Z",1.07141,1.07147
"exness","EURUSD","2023-06-06 00:12:04.479Z",1.07142,1.07147
"exness","EURUSD","2023-06-06 00:12:08.466Z",1.0714,1.07147
"exness","EURUSD","2023-06-06 00:12:09.646Z",1.07139,1.07145
"exness","EURUSD","2023-06-06 00:12:35.050Z",1.0714,1.07146
"exness","EURUSD","2023-06-06 00:12:50.329Z",1.07139,1.07144
"exness","EURUSD","2023-06-06 00:13:05.310Z",1.0714,1.07146
"exness","EURUSD","2023-06-06 00:13:11.814Z",1.07141,1.07148
"exness","EURUSD","2023-06-06 00:13:13.123Z",1.0714,1.07146
"exness","EURUSD","2023-06-06 00:13:13.139Z",1.07139,1.07145
"exness","EURUSD","2023-06-06 00:13:13.165Z",1.07137,1.0714299999999999
"exness","EURUSD","2023-06-06 00:13:13.359Z",1.07136,1.07142
"exness","EURUSD","2023-06-06 00:13:30.041Z",1.0713300000000001,1.0714
"exness","EURUSD","2023-06-06 00:13:30.311Z",1.07132,1.07138
"exness","EURUSD","2023-06-06 00:13:57.798Z",1.0713,1.07136
"exness","EURUSD","2023-06-06 00:13:57.817Z",1.07128,1.07135
"exness","EURUSD","2023-06-06 00:13:58.839Z",1.07127,1.07134
"exness","EURUSD","2023-06-06 00:14:01.386Z",1.07127,1.07132
"exness","EURUSD","2023-06-06 00:15:03.916Z",1.07128,1.07134
"exness","EURUSD","2023-06-06 00:15:05.232Z",1.07127,1.0713300000000001
"exness","EURUSD","2023-06-06 00:15:07.355Z",1.07125,1.07131
"exness","EURUSD","2023-06-06 00:15:20.039Z",1.07127,1.07132
"exness","EURUSD","2023-06-06 00:15:25.887Z",1.07126,1.07132
"exness","EURUSD","2023-06-06 00:15:36.209Z",1.07128,1.07134
"exness","EURUSD","2023-06-06 00:15:45.204Z",1.07129,1.07135
"exness","EURUSD","2023-06-06 00:15:48.875Z",1.07128,1.07134
"exness","EURUSD","2023-06-06 00:15:57.867Z",1.07126,1.07132
"exness","EURUSD","2023-06-06 00:16:14.551Z",1.07126,1.07131
"exness","EURUSD","2023-06-06 00:16:17.726Z",1.07126,1.07132
"exness","EURUSD","2023-06-06 00:16:40.404Z",1.07124,1.0713
"exness","EURUSD","2023-06-06 00:16:40.706Z",1.07123,1.07128
"exness","EURUSD","2023-06-06 00:16:50.336Z",1.07123,1.07129
"exness","EURUSD","2023-06-06 00:16:50.343Z",1.07125,1.07131
"exness","EURUSD","2023-06-06 00:17:47.153Z",1.07127,1.0713300000000001
"exness","EURUSD","2023-06-06 00:18:09.772Z",1.07129,1.07135
"exness","EURUSD","2023-06-06 00:18:12.078Z",1.07127,1.0713300000000001
"exness","EURUSD","2023-06-06 00:19:18.035Z",1.07129,1.07135
"exness","EURUSD","2023-06-06 00:19:48.892Z",1.07131,1.07137
"exness","EURUSD","2023-06-06 00:19:58.325Z",1.07132,1.07138
"exness","EURUSD","2023-06-06 00:20:23.489Z",1.0713,1.07136
"exness","EURUSD","2023-06-06 00:20:23.622Z",1.0713,1.07135
"exness","EURUSD","2023-06-06 00:20:33.931Z",1.07128,1.07134
"exness","EURUSD","2023-06-06 00:20:35.882Z",1.07126,1.07132
"exness","EURUSD","2023-06-06 00:20:38.035Z",1.07128,1.07135
"exness","EURUSD","2023-06-06 00:20:45.637Z",1.07127,1.0713300000000001
"exness","EURUSD","2023-06-06 00:20:58.805Z",1.07128,1.07135
"exness","EURUSD","2023-06-06 00:21:03.458Z",1.07131,1.07137
"exness","EURUSD","2023-06-06 00:21:04.700Z",1.07132,1.07138
"exness","EURUSD","2023-06-06 00:21:05.397Z",1.07134,1.0714
"exness","EURUSD","2023-06-06 00:21:05.929Z",1.07135,1.0714
"exness","EURUSD","2023-06-06 00:21:08.704Z",1.0713300000000001,1.0714
"exness","EURUSD","2023-06-06 00:21:14.243Z",1.0713300000000001,1.07138
"exness","EURUSD","2023-06-06 00:21:15.139Z",1.07134,1.0714
"exness","EURUSD","2023-06-06 00:21:16.136Z",1.07135,1.07141
"exness","EURUSD","2023-06-06 00:21:19.680Z",1.07137,1.0714299999999999
"exness","EURUSD","2023-06-06 00:21:32.850Z",1.07139,1.07145
"exness","EURUSD","2023-06-06 00:21:34.592Z",1.0714,1.07145
"exness","EURUSD","2023-06-06 00:21:35.527Z",1.0714,1.07147
"exness","EURUSD","2023-06-06 00:21:45.887Z",1.07139,1.07146
"exness","EURUSD","2023-06-06 00:21:45.942Z",1.07138,1.07144
"exness","EURUSD","2023-06-06 00:21:55.452Z",1.07135,1.07142
"exness","EURUSD","2023-06-06 00:21:55.535Z",1.07134,1.0714
"exness","EURUSD","2023-06-06 00:22:25.911Z",1.07135,1.07141
"exness","EURUSD","2023-06-06 00:22:34.916Z",1.07134,1.0714
"exness","EURUSD","2023-06-06 00:22:40.495Z",1.0713300000000001,1.07138
"exness","EURUSD","2023-06-06 00:22:40.678Z",1.07131,1.07137
"exness","EURUSD","2023-06-06 00:22:49.475Z",1.07131,1.07136
"exness","EURUSD","2023-06-06 00:22:57.512Z",1.07131,1.07137
"exness","EURUSD","2023-06-06 00:23:03.779Z",1.0713300000000001,1.07139
"exness","EURUSD","2023-06-06 00:23:03.802Z",1.07134,1.07141
"exness","EURUSD","2023-06-06 00:23:07.358Z",1.07136,1.07142
"exness","EURUSD","2023-06-06 00:23:10.902Z",1.07137,1.0714299999999999
"exness","EURUSD","2023-06-06 00:23:16.357Z",1.07138,1.07145
"exness","EURUSD","2023-06-06 00:23:17.486Z",1.0714,1.07146
"exness","EURUSD","2023-06-06 00:23:30.073Z",1.07141,1.07147
"exness","EURUSD","2023-06-06 00:23:43.425Z",1.0714,1.07145
"exness","EURUSD","2023-06-06 00:23:54.619Z",1.07139,1.07145
"exness","EURUSD","2023-06-06 00:23:57.427Z",1.07138,1.07144
"exness","EURUSD","2023-06-06 00:24:19.031Z",1.07139,1.07144
"exness","EURUSD","2023-06-06 00:24:22.625Z",1.07138,1.07144
"exness","EURUSD","2023-06-06 00:24:56.697Z",1.07137,1.0714299999999999
"exness","EURUSD","2023-06-06 00:24:58.920Z",1.07135,1.07141
"exness","EURUSD","2023-06-06 00:24:59.495Z",1.07134,1.0714
"exness","EURUSD","2023-06-06 00:25:01.376Z",1.07136,1.07142
"exness","EURUSD","2023-06-06 00:25:01.536Z",1.07137,1.07144
"exness","EURUSD","2023-06-06 00:25:15.696Z",1.07136,1.07142
"exness","EURUSD","2023-06-06 00:25:23.958Z",1.07135,1.0714
"exness","EURUSD","2023-06-06 00:25:24.020Z",1.0713300000000001,1.07139
"exness","EURUSD","2023-06-06 00:25:26.189Z",1.07132,1.07138
"exness","EURUSD","2023-06-06 00:25:38.475Z",1.07131,1.07137
"exness","EURUSD","2023-06-06 00:25:39.093Z",1.07129,1.07135
"exness","EURUSD","2023-06-06 00:25:41.475Z",1.07128,1.07134
"exness","EURUSD","2023-06-06 00:25:44.011Z",1.0713,1.07135
"exness","EURUSD","2023-06-06 00:25:52.732Z",1.0713,1.07136
"exness","EURUSD","2023-06-06 00:25:54.312Z",1.07131,1.07137
"exness","EURUSD","2023-06-06 00:25:54.343Z",1.0713300000000001,1.07139
"exness","EURUSD","2023-06-06 00:25:56.677Z",1.0713300000000001,1.07138
"exness","EURUSD","2023-06-06 00:26:00.711Z",1.0713300000000001,1.07139
"exness","EURUSD","2023-06-06 00:26:09.212Z",1.07134,1.0714
"exness","EURUSD","2023-06-06 00:26:14.819Z",1.07136,1.07142
"exness","EURUSD","2023-06-06 00:26:16.892Z",1.07135,1.0714
"exness","EURUSD","2023-06-06 00:26:18.057Z",1.07134,1.0714
"exness","EURUSD","2023-06-06 00:26:28.480Z",1.07136,1.07141
"exness","EURUSD","2023-06-06 00:26:35.194Z",1.07136,1.07142
"exness","EURUSD","2023-06-06 00:26:57.252Z",1.07135,1.07141
"exness","EURUSD","2023-06-06 00:27:02.888Z",1.07136,1.07142
"exness","EURUSD","2023-06-06 00:27:43.031Z",1.07134,1.0714
"exness","EURUSD","2023-06-06 00:27:43.041Z",1.07132,1.07139
"exness","EURUSD","2023-06-06 00:27:43.300Z",1.07131,1.07137
"exness","EURUSD","2023-06-06 00:27:56.702Z",1.07132,1.07137
"exness","EURUSD","2023-06-06 00:28:12.113Z",1.0713300000000001,1.07139
"exness","EURUSD","2023-06-06 00:28:13.372Z",1.07134,1.0714
"exness","EURUSD","2023-06-06 00:28:49.704Z",1.07135,1.07142
"exness","EURUSD","2023-06-06 00:28:54.590Z",1.07137,1.07144
"exness","EURUSD","2023-06-06 00:29:18.390Z",1.07136,1.0714299999999999
"exness","EURUSD","2023-06-06 00:29:54.410Z",1.07134,1.07141
"exness","EURUSD","2023-06-06 00:29:55.420Z",1.0713300000000001,1.07139
"exness","EURUSD","2023-06-06 00:30:01.735Z",1.07135,1.07141
"exness","EURUSD","2023-06-06 00:30:16.910Z",1.07136,1.07141
"exness","EURUSD","2023-06-06 00:30:32.431Z",1.07134,1.0714
"exness","EURUSD","2023-06-06 00:30:41.550Z",1.07134,1.07139
"exness","EURUSD","2023-06-06 00:30:55.821Z",1.0713300000000001,1.07139
"exness","EURUSD","2023-06-06 00:31:22.033Z",1.07132,1.07137
"exness","EURUSD","2023-06-06 00:31:33.403Z",1.07132,1.07139
"exness","EURUSD","2023-06-06 00:31:36.828Z",1.0713300000000001,1.0714
"exness","EURUSD","2023-06-06 00:31:37.218Z",1.07135,1.07141
"exness","EURUSD","2023-06-06 00:31:38.440Z",1.07136,1.07142
"exness","EURUSD","2023-06-06 00:32:24.191Z",1.07137,1.07142
"exness","EURUSD","2023-06-06 00:32:30.789Z",1.07138,1.07144
"exness","EURUSD","2023-06-06 00:32:33.827Z",1.07139,1.07144
"exness","EURUSD","2023-06-06 00:32:41.008Z",1.07138,1.07144
"exness","EURUSD","2023-06-06 00:32:46.008Z",1.07139,1.07146
"exness","EURUSD","2023-06-06 00:32:48.614Z",1.07141,1.07147
"exness","EURUSD","2023-06-06 00:32:49.707Z",1.07142,1.07148
"exness","EURUSD","2023-06-06 00:33:10.058Z",1.07141,1.07147
"exness","EURUSD","2023-06-06 00:33:19.730Z",1.07142,1.07148
"exness","EURUSD","2023-06-06 00:33:43.459Z",1.07144,1.0715
"exness","EURUSD","2023-06-06 00:33:45.446Z",1.07146,1.07152
"exness","EURUSD","2023-06-06 00:33:47.558Z",1.07147,1.07153
"exness","EURUSD","2023-06-06 00:33:55.314Z",1.07148,1.07153
"exness","EURUSD","2023-06-06 00:33:55.331Z",1.07148,1.07154
"exness","EURUSD","2023-06-06 00:33:55.360Z",1.0715,1.07155
"exness","EURUSD","2023-06-06 00:34:00.758Z",1.0715,1.07156
"exness","EURUSD","2023-06-06 00:34:01.449Z",1.07152,1.07158
"exness","EURUSD","2023-06-06 00:34:01.464Z",1.07154,1.0716
"exness","EURUSD","2023-06-06 00:34:01.490Z",1.07155,1.07162
"exness","EURUSD","2023-06-06 00:34:01.554Z",1.07157,1.07162
"exness","EURUSD","2023-06-06 00:34:01.732Z",1.07157,1.07164
"exness","EURUSD","2023-06-06 00:34:01.957Z",1.07159,1.07165
"exness","EURUSD","2023-06-06 00:34:02.716Z",1.07158,1.07164
"exness","EURUSD","2023-06-06 00:34:04.870Z",1.07156,1.07163
"exness","EURUSD","2023-06-06 00:34:13.047Z",1.07154,1.0716
"exness","EURUSD","2023-06-06 00:34:13.314Z",1.07152,1.07159
"exness","EURUSD","2023-06-06 00:34:21.309Z",1.07153,1.0716
"exness","EURUSD","2023-06-06 00:34:21.509Z",1.07155,1.07161
"exness","EURUSD","2023-06-06 00:34:25.724Z",1.07156,1.07162
"exness","EURUSD","2023-06-06 00:34:27.095Z",1.07155,1.07161
"exness","EURUSD","2023-06-06 00:34:27.916Z",1.07156,1.07161
"exness","EURUSD","2023-06-06 00:34:47.100Z",1.07156,1.07163
"exness","EURUSD","2023-06-06 00:35:06.477Z",1.07154,1.0716
"exness","EURUSD","2023-06-06 00:35:14.652Z",1.07156,1.07161
"exness","EURUSD","2023-06-06 00:35:27.977Z",1.07155,1.07161
"exness","EURUSD","2023-06-06 00:35:55.932Z",1.07153,1.07159
"exness","EURUSD","2023-06-06 00:35:58.089Z",1.07152,1.07158
"exness","EURUSD","2023-06-06 00:35:59.607Z",1.0715,1.07156
"exness","EURUSD","2023-06-06 00:35:59.627Z",1.07149,1.07155
"exness","EURUSD","2023-06-06 00:36:00.217Z",1.07148,1.07153
"exness","EURUSD","2023-06-06 00:36:15.869Z",1.07146,1.07153
"exness","EURUSD","2023-06-06 00:36:31.176Z",1.07145,1.07152
"exness","EURUSD","2023-06-06 00:36:38.223Z",1.07144,1.0715
"exness","EURUSD","2023-06-06 00:36:52.259Z",1.0714299999999999,1.07148
"exness","EURUSD","2023-06-06 00:36:58.467Z",1.07141,1.07147
"exness","EURUSD","2023-06-06 00:37:16.625Z",1.0714,1.07146
"exness","EURUSD","2023-06-06 00:37:24.178Z",1.07141,1.07146
"exness","EURUSD","2023-06-06 00:37:25.924Z",1.07139,1.07146
"exness","EURUSD","2023-06-06 00:37:27.175Z",1.07138,1.07144
"exness","EURUSD","2023-06-06 00:37:28.461Z",1.07139,1.07145
"exness","EURUSD","2023-06-06 00:37:30.655Z",1.07139,1.07144
"exness","EURUSD","2023-06-06 00:37:47.049Z",1.07138,1.07144
"exness","EURUSD","2023-06-06 00:37:54.465Z",1.07139,1.07145
"exness","EURUSD","2023-06-06 00:38:16.694Z",1.07137,1.07144
"exness","EURUSD","2023-06-06 00:38:37.367Z",1.07138,1.07145
"exness","EURUSD","2023-06-06 00:38:44.759Z",1.0714,1.07147
"exness","EURUSD","2023-06-06 00:38:52.172Z",1.07141,1.07148
"exness","EURUSD","2023-06-06 00:38:56.432Z",1.0714299999999999,1.07149
"exness","EURUSD","2023-06-06 00:39:03.748Z",1.07145,1.0715
"exness","EURUSD","2023-06-06 00:39:25.499Z",1.07145,1.07151
"exness","EURUSD","2023-06-06 00:39:25.845Z",1.07147,1.07153
"exness","EURUSD","2023-06-06 00:39:25.901Z",1.07148,1.07155
"exness","EURUSD","2023-06-06 00:39:26.541Z",1.0715,1.07155
"exness","EURUSD","2023-06-06 00:39:31.680Z",1.07151,1.07157
"exness","EURUSD","2023-06-06 00:40:02.517Z",1.07149,1.07155
"exness","EURUSD","2023-06-06 00:40:11.212Z",1.07148,1.07153
"exness","EURUSD","2023-06-06 00:40:30.762Z",1.07149,1.07155
"exness","EURUSD","2023-06-06 00:40:39.773Z",1.07151,1.07157
"exness","EURUSD","2023-06-06 00:40:40.853Z",1.07152,1.07158
"exness","EURUSD","2023-06-06 00:41:49.924Z",1.07152,1.07157
"exness","EURUSD","2023-06-06 00:42:36.541Z",1.07151,1.07157
"exness","EURUSD","2023-06-06 00:43:06.911Z",1.07149,1.07155
"exness","EURUSD","2023-06-06 00:43:06.991Z",1.07148,1.07154
"exness","EURUSD","2023-06-06 00:43:08.933Z",1.07146,1.07153
"exness","EURUSD","2023-06-06 00:43:10.680Z",1.07144,1.0715
"exness","EURUSD","2023-06-06 00:43:12.475Z",1.0714299999999999,1.07149
"exness","EURUSD","2023-06-06 00:43:26.061Z",1.07142,1.07147
"exness","EURUSD","2023-06-06 00:43:29.721Z",1.07142,1.07148
"exness","EURUSD","2023-06-06 00:44:09.051Z",1.0714299999999999,1.0715
"exness","EURUSD","2023-06-06 00:44:09.082Z",1.07145,1.07151
"exness","EURUSD","2023-06-06 00:44:11.375Z",1.07146,1.07153
"exness","EURUSD","2023-06-06 00:44:21.357Z",1.07147,1.07154
"exness","EURUSD","2023-06-06 00:44:21.372Z",1.07149,1.07155
"exness","EURUSD","2023-06-06 00:44:21.534Z",1.0715,1.07157
"exness","EURUSD","2023-06-06 00:44:48.084Z",1.07152,1.07158
"exness","EURUSD","2023-06-06 00:45:32.750Z",1.07149,1.07155
"exness","EURUSD","2023-06-06 00:45:32.757Z",1.07148,1.07154
"exness","EURUSD","2023-06-06 00:45:35.965Z",1.07147,1.07152
"exness","EURUSD","2023-06-06 00:46:02.035Z",1.07146,1.07152
"exness","EURUSD","2023-06-06 00:46:02.885Z",1.07144,1.07151
"exness","EURUSD","2023-06-06 00:46:03.444Z",1.07144,1.07149
"exness","EURUSD","2023-06-06 00:46:03.469Z",1.07142,1.07149
"exness","EURUSD","2023-06-06 00:46:21.288Z",1.0714299999999999,1.0715
"exness","EURUSD","2023-06-06 00:47:04.281Z",1.07145,1.07152
"exness","EURUSD","2023-06-06 00:47:04.354Z",1.07147,1.07153
"exness","EURUSD","2023-06-06 00:47:04.373Z",1.07149,1.07155
"exness","EURUSD","2023-06-06 00:47:04.398Z",1.0715,1.07156
"exness","EURUSD","2023-06-06 00:47:04.466Z",1.07149,1.07154
"exness","EURUSD","2023-06-06 00:47:04.740Z",1.07148,1.07154
"exness","EURUSD","2023-06-06 00:47:11.568Z",1.07148,1.07153
"exness","EURUSD","2023-06-06 00:47:13.972Z",1.07146,1.07153
"exness","EURUSD","2023-06-06 00:49:23.683Z",1.07148,1.07154
"exness","EURUSD","2023-06-06 00:49:26.487Z",1.0715,1.07156
"exness","EURUSD","2023-06-06 00:49:27.886Z",1.07151,1.07157
"exness","EURUSD","2023-06-06 00:49:59.611Z",1.0715,1.07156
"exness","EURUSD","2023-06-06 00:49:59.633Z",1.07148,1.07155
"exness","EURUSD","2023-06-06 00:50:13.634Z",1.0715,1.07156
"exness","EURUSD","2023-06-06 00:50:29.666Z",1.07152,1.07157
"exness","EURUSD","2023-06-06 00:50:38.935Z",1.0715,1.07156
"exness","EURUSD","2023-06-06 00:50:40.352Z",1.07148,1.07154
"exness","EURUSD","2023-06-06 00:50:40.536Z",1.07147,1.07153
"exness","EURUSD","2023-06-06 00:51:03.973Z",1.07148,1.07154
"exness","EURUSD","2023-06-06 00:51:18.989Z",1.0715,1.07156
"exness","EURUSD","2023-06-06 00:51:20.671Z",1.07147,1.07153
"exness","EURUSD","2023-06-06 00:51:23.234Z",1.07147,1.07152
"exness","EURUSD","2023-06-06 00:51:39.377Z",1.07146,1.07152
"exness","EURUSD","2023-06-06 00:52:00.586Z",1.07148,1.07155
"exness","EURUSD","2023-06-06 00:52:00.636Z",1.0715,1.07156
"exness","EURUSD","2023-06-06 00:52:01.661Z",1.07151,1.07157
"exness","EURUSD","2023-06-06 00:53:15.515Z",1.0715,1.07156
"exness","EURUSD","2023-06-06 00:53:15.543Z",1.07148,1.07155
"exness","EURUSD","2023-06-06 00:53:15.869Z",1.0715,1.07156
"exness","EURUSD","2023-06-06 00:53:16.353Z",1.07152,1.07157
"exness","EURUSD","2023-06-06 00:53:29.865Z",1.07151,1.07158
"exness","EURUSD","2023-06-06 00:54:22.299Z",1.07154,1.0716
"exness","EURUSD","2023-06-06 00:54:24.998Z",1.07156,1.07162
"exness","EURUSD","2023-06-06 00:54:30.843Z",1.07155,1.07161
"exness","EURUSD","2023-06-06 00:54:31.163Z",1.07153,1.07159
"exness","EURUSD","2023-06-06 00:54:32.086Z",1.07153,1.07158
"exness","EURUSD","2023-06-06 00:54:32.451Z",1.07151,1.07157
"exness","EURUSD","2023-06-06 00:54:32.474Z",1.07149,1.07155
"exness","EURUSD","2023-06-06 00:54:34.065Z",1.0715,1.07156
"exness","EURUSD","2023-06-06 00:54:46.162Z",1.07149,1.07155
"exness","EURUSD","2023-06-06 00:54:46.311Z",1.07148,1.07154
"exness","EURUSD","2023-06-06 00:54:51.391Z",1.07147,1.07153
"exness","EURUSD","2023-06-06 00:54:54.700Z",1.07148,1.07154
"exness","EURUSD","2023-06-06 00:54:57.346Z",1.07149,1.07155
"exness","EURUSD","2023-06-06 00:54:59.797Z",1.0715,1.07156
"exness","EURUSD","2023-06-06 00:54:59.810Z",1.07151,1.07158
"exness","EURUSD","2023-06-06 00:54:59.838Z",1.07153,1.07158
"exness","EURUSD","2023-06-06 00:55:00.940Z",1.07152,1.07158
"exness","EURUSD","2023-06-06 00:55:08.675Z",1.07153,1.0716
"exness","EURUSD","2023-06-06 00:55:15.500Z",1.07155,1.07161
"exness","EURUSD","2023-06-06 00:55:21.352Z",1.07157,1.07163
"exness","EURUSD","2023-06-06 00:55:55.011Z",1.07158,1.07165
"exness","EURUSD","2023-06-06 00:55:55.072Z",1.0716,1.07166
"exness","EURUSD","2023-06-06 00:55:55.635Z",1.07161,1.07166
"exness","EURUSD","2023-06-06 00:56:08.298Z",1.07161,1.07168
"exness","EURUSD","2023-06-06 00:56:34.664Z",1.07159,1.07165
"exness","EURUSD","2023-06-06 00:56:36.174Z",1.07161,1.07167
"exness","EURUSD","2023-06-06 00:56:48.611Z",1.07162,1.07168
"exness","EURUSD","2023-06-06 00:57:21.678Z",1.07163,1.07169
"exness","EURUSD","2023-06-06 00:57:31.548Z",1.07164,1.07171
"exness","EURUSD","2023-06-06 00:57:31.583Z",1.07166,1.07172
"exness","EURUSD","2023-06-06 00:57:38.574Z",1.07165,1.07171
"exness","EURUSD","2023-06-06 00:57:39.077Z",1.07164,1.07169
"exness","EURUSD","2023-06-06 00:57:48.979Z",1.07163,1.07169
"exness","EURUSD","2023-06-06 00:57:51.220Z",1.07162,1.07168
"exness","EURUSD","2023-06-06 00:57:51.376Z",1.0716,1.07166
"exness","EURUSD","2023-06-06 00:57:51.398Z",1.07159,1.07165
"exness","EURUSD","2023-06-06 00:57:51.549Z",1.07158,1.07163
"exness","EURUSD","2023-06-06 00:57:54.643Z",1.07159,1.07166
"exness","EURUSD","2023-06-06 00:57:55.329Z",1.07161,1.07166
"exness","EURUSD","2023-06-06 00:58:02.331Z",1.07161,1.07167
"exness","EURUSD","2023-06-06 00:58:22.003Z",1.07159,1.07166
"exness","EURUSD","2023-06-06 00:58:32.504Z",1.07158,1.07164
"exness","EURUSD","2023-06-06 00:58:53.550Z",1.0716,1.07166
"exness","EURUSD","2023-06-06 00:58:55.624Z",1.07162,1.07167
"exness","EURUSD","2023-06-06 00:58:57.804Z",1.0716,1.07166
"exness","EURUSD","2023-06-06 00:58:59.012Z",1.07159,1.07165
"exness","EURUSD","2023-06-06 00:59:11.482Z",1.07159,1.07164
"exness","EURUSD","2023-06-06 00:59:21.431Z",1.07159,1.07165
"exness","EURUSD","2023-06-06 00:59:22.366Z",1.07161,1.07166
"exness","EURUSD","2023-06-06 00:59:32.186Z",1.07159,1.07165
"exness","EURUSD","2023-06-06 00:59:38.433Z",1.07159,1.07164
"exness","EURUSD","2023-06-06 01:00:01.177Z",1.0716,1.07166
"exness","EURUSD","2023-06-06 01:00:01.185Z",1.07161,1.07168
"exness","EURUSD","2023-06-06 01:00:01.355Z",1.07163,1.07169
"exness","EURUSD","2023-06-06 01:00:02.646Z",1.07162,1.07168
"exness","EURUSD","2023-06-06 01:00:10.614Z",1.0716,1.07166
"exness","EURUSD","2023-06-06 01:00:10.626Z",1.07159,1.07165
"exness","EURUSD","2023-06-06 01:00:11.810Z",1.07159,1.07164
"exness","EURUSD","2023-06-06 01:00:14.338Z",1.0716,1.07166
"exness","EURUSD","2023-06-06 01:00:19.750Z",1.07161,1.07167
"exness","EURUSD","2023-06-06 01:00:23.111Z",1.07163,1.07169
"exness","EURUSD","2023-06-06 01:00:23.618Z",1.07165,1.0717
"exness","EURUSD","2023-06-06 01:00:27.419Z",1.07163,1.0717
"exness","EURUSD","2023-06-06 01:00:27.546Z",1.07162,1.07168
"exness","EURUSD","2023-06-06 01:00:41.274Z",1.07162,1.07167
"exness","EURUSD","2023-06-06 01:00:42.508Z",1.07162,1.07168
"exness","EURUSD","2023-06-06 01:00:45.823Z",1.07163,1.07168
"exness","EURUSD","2023-06-06 01:00:46.824Z",1.07163,1.07169
"exness","EURUSD","2023-06-06 01:00:58.519Z",1.07165,1.07171
"exness","EURUSD","2023-06-06 01:00:59.051Z",1.07167,1.07173
"exness","EURUSD","2023-06-06 01:01:20.987Z",1.07165,1.07172
"exness","EURUSD","2023-06-06 01:01:24.826Z",1.07167,1.07172
"exness","EURUSD","2023-06-06 01:01:28.514Z",1.07166,1.07172
"exness","EURUSD","2023-06-06 01:01:28.534Z",1.07164,1.07171
"exness","EURUSD","2023-06-06 01:01:28.575Z",1.07163,1.07169
"exness","EURUSD","2023-06-06 01:01:29.532Z",1.07162,1.07167
"exness","EURUSD","2023-06-06 01:01:38.953Z",1.07161,1.07167
"exness","EURUSD","2023-06-06 01:01:50.571Z",1.07163,1.07168
"exness","EURUSD","2023-06-06 01:01:51.722Z",1.07162,1.07168
"exness","EURUSD","2023-06-06 01:01:56.685Z",1.0716,1.07167
"exness","EURUSD","2023-06-06 01:02:05.523Z",1.07159,1.07165
"exness","EURUSD","2023-06-06 01:02:41.043Z",1.07159,1.07164
"exness","EURUSD","2023-06-06 01:03:02.899Z",1.07158,1.07164
"exness","EURUSD","2023-06-06 01:03:03.066Z",1.07156,1.07162
"exness","EURUSD","2023-06-06 01:03:09.658Z",1.07155,1.07161
"exness","EURUSD","2023-06-06 01:03:09.671Z",1.07154,1.0716
"exness","EURUSD","2023-06-06 01:03:09.681Z",1.07152,1.07158
"exness","EURUSD","2023-06-06 01:03:10.323Z",1.0715,1.07157
"exness","EURUSD","2023-06-06 01:03:11.526Z",1.07152,1.07158
"exness","EURUSD","2023-06-06 01:03:17.455Z",1.0715,1.07156
"exness","EURUSD","2023-06-06 01:03:19.582Z",1.07152,1.07157
"exness","EURUSD","2023-06-06 01:03:39.068Z",1.0715,1.07156
"exness","EURUSD","2023-06-06 01:03:44.927Z",1.07152,1.07157
"exness","EURUSD","2023-06-06 01:03:51.004Z",1.07152,1.07158
"exness","EURUSD","2023-06-06 01:03:55.481Z",1.07152,1.07157
"exness","EURUSD","2023-06-06 01:04:00.046Z",1.07149,1.07155
"exness","EURUSD","2023-06-06 01:04:00.128Z",1.07148,1.07154
"exness","EURUSD","2023-06-06 01:04:02.829Z",1.07147,1.07153
"exness","EURUSD","2023-06-06 01:04:22.045Z",1.07147,1.07152
"exness","EURUSD","2023-06-06 01:04:27.469Z",1.07147,1.07153
"exness","EURUSD","2023-06-06 01:04:28.003Z",1.07148,1.07154
"exness","EURUSD","2023-06-06 01:04:37.802Z",1.0715,1.07156
"exness","EURUSD","2023-06-06 01:04:37.840Z",1.07151,1.07157
"exness","EURUSD","2023-06-06 01:04:48.741Z",1.07149,1.07156
"exness","EURUSD","2023-06-06 01:04:48.765Z",1.07149,1.07154
"exness","EURUSD","2023-06-06 01:04:49.855Z",1.07147,1.07154
"exness","EURUSD","2023-06-06 01:04:56.318Z",1.07149,1.07155
"exness","EURUSD","2023-06-06 01:05:00.271Z",1.0715,1.07157
"exness","EURUSD","2023-06-06 01:05:11.721Z",1.07152,1.07157
"exness","EURUSD","2023-06-06 01:05:12.284Z",1.07152,1.07159
"exness","EURUSD","2023-06-06 01:05:15.966Z",1.07155,1.07161
"exness","EURUSD","2023-06-06 01:05:30.003Z",1.07157,1.07162
"exness","EURUSD","2023-06-06 01:06:40.906Z",1.07156,1.07162
"exness","EURUSD","2023-06-06 01:06:40.973Z",1.07154,1.0716
"exness","EURUSD","2023-06-06 01:06:41.549Z",1.07152,1.07159
"exness","EURUSD","2023-06-06 01:07:06.072Z",1.07154,1.07159
"exness","EURUSD","2023-06-06 01:07:09.807Z",1.07152,1.07159
"exness","EURUSD","2023-06-06 01:07:16.674Z",1.07153,1.07158
"exness","EURUSD","2023-06-06 01:07:23.495Z",1.07153,1.07159
"exness","EURUSD","2023-06-06 01:07:36.498Z",1.07154,1.07161
"exness","EURUSD","2023-06-06 01:07:41.045Z",1.07153,1.07159
"exness","EURUSD","2023-06-06 01:07:54.759Z",1.07155,1.07161
"exness","EURUSD","2023-06-06 01:08:01.503Z",1.07155,1.0716
"exness","EURUSD","2023-06-06 01:08:06.191Z",1.07154,1.0716
"exness","EURUSD","2023-06-06 01:08:16.080Z",1.07152,1.07159
"exness","EURUSD","2023-06-06 01:08:20.866Z",1.07154,1.0716
"exness","EURUSD","2023-06-06 01:08:21.186Z",1.07155,1.07162
"exness","EURUSD","2023-06-06 01:08:29.661Z",1.07157,1.07163
"exness","EURUSD","2023-06-06 01:08:32.335Z",1.07158,1.07163
"exness","EURUSD","2023-06-06 01:08:32.518Z",1.07158,1.07165
"exness","EURUSD","2023-06-06 01:08:35.926Z",1.0716,1.07165
"exness","EURUSD","2023-06-06 01:09:30.115Z",1.0716,1.07166
"exness","EURUSD","2023-06-06 01:09:33.079Z",1.07159,1.07165
"exness","EURUSD","2023-06-06 01:09:33.241Z",1.07157,1.07163
"exness","EURUSD","2023-06-06 01:09:47.556Z",1.07157,1.07162
"exness","EURUSD","2023-06-06 01:09:54.148Z",1.07157,1.07163
"exness","EURUSD","2023-06-06 01:10:20.764Z",1.07158,1.07164
"exness","EURUSD","2023-06-06 01:10:26.340Z",1.07157,1.07163
"exness","EURUSD","2023-06-06 01:10:33.210Z",1.07156,1.07162
"exness","EURUSD","2023-06-06 01:10:43.005Z",1.07155,1.07161
"exness","EURUSD","2023-06-06 01:10:43.212Z",1.07153,1.07159
"exness","EURUSD","2023-06-06 01:10:47.432Z",1.07152,1.07158
"exness","EURUSD","2023-06-06 01:10:52.067Z",1.07153,1.0716
"exness","EURUSD","2023-06-06 01:10:52.118Z",1.07155,1.07161
"exness","EURUSD","2023-06-06 01:10:54.580Z",1.07156,1.07161
"exness","EURUSD","2023-06-06 01:11:05.719Z",1.07154,1.0716
"exness","EURUSD","2023-06-06 01:11:06.109Z",1.07153,1.07159
"exness","EURUSD","2023-06-06 01:11:07.045Z",1.07152,1.07157
"exness","EURUSD","2023-06-06 01:11:13.195Z",1.07152,1.07158
"exness","EURUSD","2023-06-06 01:11:18.023Z",1.07154,1.0716
"exness","EURUSD","2023-06-06 01:11:18.756Z",1.07155,1.07162
"exness","EURUSD","2023-06-06 01:11:51.134Z",1.07156,1.07163
"exness","EURUSD","2023-06-06 01:12:14.826Z",1.07154,1.0716
"exness","EURUSD","2023-06-06 01:12:14.914Z",1.07152,1.07159
"exness","EURUSD","2023-06-06 01:12:16.005Z",1.07151,1.07157
"exness","EURUSD","2023-06-06 01:12:23.216Z",1.0715,1.07156
"exness","EURUSD","2023-06-06 01:12:31.387Z",1.07151,1.07157
"exness","EURUSD","2023-06-06 01:12:41.520Z",1.07149,1.07156
"exness","EURUSD","2023-06-06 01:12:50.268Z",1.07147,1.07153
"exness","EURUSD","2023-06-06 01:13:01.435Z",1.07149,1.07156
"exness","EURUSD","2023-06-06 01:13:22.338Z",1.07152,1.07158
"exness","EURUSD","2023-06-06 01:13:38.708Z",1.07153,1.07159
"exness","EURUSD","2023-06-06 01:13:38.729Z",1.07155,1.07161
"exness","EURUSD","2023-06-06 01:13:39.065Z",1.07157,1.07162
"exness","EURUSD","2023-06-06 01:13:41.390Z",1.07157,1.07163
"exness","EURUSD","2023-06-06 01:14:48.895Z",1.07158,1.07164
"exness","EURUSD","2023-06-06 01:14:57.392Z",1.07159,1.07164
"exness","EURUSD","2023-06-06 01:14:59.480Z",1.07158,1.07164
"exness","EURUSD","2023-06-06 01:15:04.025Z",1.07158,1.07163
"exness","EURUSD","2023-06-06 01:15:06.010Z",1.07155,1.07162
"exness","EURUSD","2023-06-06 01:15:14.150Z",1.07154,1.0716
"exness","EURUSD","2023-06-06 01:15:14.291Z",1.07152,1.07158
"exness","EURUSD","2023-06-06 01:15:17.766Z",1.0715,1.07156
"exness","EURUSD","2023-06-06 01:15:17.805Z",1.07148,1.07155
"exness","EURUSD","2023-06-06 01:15:18.240Z",1.07148,1.07153
"exness","EURUSD","2023-06-06 01:15:20.716Z",1.07147,1.07153
"exness","EURUSD","2023-06-06 01:15:21.861Z",1.07145,1.07151
"exness","EURUSD","2023-06-06 01:15:22.958Z",1.07144,1.07149
"exness","EURUSD","2023-06-06 01:15:25.104Z",1.07145,1.07151
"exness","EURUSD","2023-06-06 01:15:30.631Z",1.07146,1.07152
"exness","EURUSD","2023-06-06 01:15:31.631Z",1.07147,1.07153
"exness","EURUSD","2023-06-06 01:15:33.462Z",1.07149,1.07155
"exness","EURUSD","2023-06-06 01:15:33.692Z",1.0715,1.07157
"exness","EURUSD","2023-06-06 01:15:36.478Z",1.07148,1.07154
"exness","EURUSD","2023-06-06 01:15:37.428Z",1.07148,1.07153
"exness","EURUSD","2023-06-06 01:15:41.846Z",1.07146,1.07152
"exness","EURUSD","2023-06-06 01:15:58.835Z",1.07148,1.07154
"exness","EURUSD","2023-06-06 01:16:19.842Z",1.07147,1.07153
"exness","EURUSD","2023-06-06 01:16:38.495Z",1.07144,1.07151
"exness","EURUSD","2023-06-06 01:16:38.557Z",1.0714299999999999,1.07149
"exness","EURUSD","2023-06-06 01:16:40.503Z",1.07144,1.0715
"exness","EURUSD","2023-06-06 01:16:40.660Z",1.07146,1.07152
"exness","EURUSD","2023-06-06 01:16:46.760Z",1.07148,1.07153
"exness","EURUSD","2023-06-06 01:16:53.877Z",1.07146,1.07151
"exness","EURUSD","2023-06-06 01:16:55.086Z",1.07147,1.07153
"exness","EURUSD","2023-06-06 01:16:58.417Z",1.07145,1.07151
"exness","EURUSD","2023-06-06 01:17:00.622Z",1.07145,1.0715
"exness","EURUSD","2023-06-06 01:17:03.933Z",1.0714299999999999,1.07149
"exness","EURUSD","2023-06-06 01:17:06.758Z",1.0714299999999999,1.07148
"exness","EURUSD","2023-06-06 01:17:10.984Z",1.0714299999999999,1.07149
"exness","EURUSD","2023-06-06 01:17:11.251Z",1.07145,1.07151
"exness","EURUSD","2023-06-06 01:17:11.871Z",1.07147,1.07152
"exness","EURUSD","2023-06-06 01:17:22.865Z",1.07148,1.07154
"exness","EURUSD","2023-06-06 01:17:23.007Z",1.07149,1.07156
"exness","EURUSD","2023-06-06 01:17:27.684Z",1.07151,1.07157
"exness","EURUSD","2023-06-06 01:17:27.769Z",1.0715,1.07156
"exness","EURUSD","2023-06-06 01:17:32.516Z",1.07148,1.07155
"exness","EURUSD","2023-06-06 01:17:34.777Z",1.0715,1.07155
"exness","EURUSD","2023-06-06 01:17:36.392Z",1.07148,1.07153
"exness","EURUSD","2023-06-06 01:17:37.538Z",1.07147,1.07154
"exness","EURUSD","2023-06-06 01:17:42.181Z",1.07149,1.07155
"exness","EURUSD","2023-06-06 01:17:54.627Z",1.07149,1.07154
"exness","EURUSD","2023-06-06 01:17:56.942Z",1.0715,1.07155
"exness","EURUSD","2023-06-06 01:18:07.143Z",1.07148,1.07153
"exness","EURUSD","2023-06-06 01:18:08.351Z",1.07149,1.07155
"exness","EURUSD","2023-06-06 01:18:14.400Z",1.07147,1.07152
"exness","EURUSD","2023-06-06 01:18:27.435Z",1.07145,1.07151
"exness","EURUSD","2023-06-06 01:18:54.208Z",1.07146,1.07152
"exness","EURUSD","2023-06-06 01:18:56.041Z",1.07148,1.07154
"exness","EURUSD","2023-06-06 01:18:57.181Z",1.07149,1.07155
"exness","EURUSD","2023-06-06 01:18:59.563Z",1.07148,1.07153
"exness","EURUSD","2023-06-06 01:19:02.446Z",1.07147,1.07153
"exness","EURUSD","2023-06-06 01:19:13.159Z",1.07149,1.07155
"exness","EURUSD","2023-06-06 01:19:13.361Z",1.07151,1.07157
"exness","EURUSD","2023-06-06 01:19:17.820Z",1.07152,1.07157
"exness","EURUSD","2023-06-06 01:19:18.829Z",1.07153,1.07159
"exness","EURUSD","2023-06-06 01:19:22.728Z",1.07154,1.0716
"exness","EURUSD","2023-06-06 01:19:22.831Z",1.07156,1.07162
"exness","EURUSD","2023-06-06 01:19:26.102Z",1.07157,1.07163
"exness","EURUSD","2023-06-06 01:19:32.214Z",1.07155,1.07161
"exness","EURUSD","2023-06-06 01:19:45.010Z",1.07157,1.07163
"exness","EURUSD","2023-06-06 01:19:51.880Z",1.07155,1.07162
"exness","EURUSD","2023-06-06 01:19:58.735Z",1.07157,1.07163
"exness","EURUSD","2023-06-06 01:20:00.827Z",1.07158,1.07163
"exness","EURUSD","2023-06-06 01:20:01.880Z",1.07159,1.07165
"exness","EURUSD","2023-06-06 01:20:07.355Z",1.07157,1.07163
"exness","EURUSD","2023-06-06 01:20:19.788Z",1.07159,1.07165
"exness","EURUSD","2023-06-06 01:20:21.010Z",1.0716,1.07166
"exness","EURUSD","2023-06-06 01:20:26.924Z",1.07162,1.07167
"exness","EURUSD","2023-06-06 01:20:27.935Z",1.07162,1.07168
"exness","EURUSD","2023-06-06 01:20:45.586Z",1.07161,1.07167
"exness","EURUSD","2023-06-06 01:20:45.754Z",1.07161,1.07166
"exness","EURUSD","2023-06-06 01:20:46.784Z",1.07161,1.07167
"exness","EURUSD","2023-06-06 01:20:47.102Z",1.07159,1.07166
"exness","EURUSD","2023-06-06 01:20:47.162Z",1.07158,1.07164
"exness","EURUSD","2023-06-06 01:20:51.005Z",1.07159,1.07164
"exness","EURUSD","2023-06-06 01:20:58.470Z",1.07157,1.07163
"exness","EURUSD","2023-06-06 01:21:00.171Z",1.07156,1.07161
"exness","EURUSD","2023-06-06 01:21:00.191Z",1.07155,1.07161
"exness","EURUSD","2023-06-06 01:21:01.698Z",1.07156,1.07162
"exness","EURUSD","2023-06-06 01:21:08.545Z",1.07155,1.0716
"exness","EURUSD","2023-06-06 01:21:16.880Z",1.07155,1.07161
"exness","EURUSD","2023-06-06 01:21:24.691Z",1.07153,1.0716
"exness","EURUSD","2023-06-06 01:21:25.019Z",1.07152,1.07158
"exness","EURUSD","2023-06-06 01:21:26.354Z",1.0715,1.07156
"exness","EURUSD","2023-06-06 01:21:29.147Z",1.0715,1.07155
"exness","EURUSD","2023-06-06 01:21:29.266Z",1.07148,1.07154
"exness","EURUSD","2023-06-06 01:21:33.461Z",1.07147,1.07153
"exness","EURUSD","2023-06-06 01:21:51.077Z",1.07148,1.07154
"exness","EURUSD","2023-06-06 01:22:01.767Z",1.07147,1.07153
"exness","EURUSD","2023-06-06 01:22:05.149Z",1.07145,1.07152
"exness","EURUSD","2023-06-06 01:22:08.715Z",1.07144,1.0715
"exness","EURUSD","2023-06-06 01:22:13.953Z",1.0714299999999999,1.07149
"exness","EURUSD","2023-06-06 01:22:21.649Z",1.07145,1.07151
"exness","EURUSD","2023-06-06 01:22:29.904Z",1.07147,1.07152
"exness","EURUSD","2023-06-06 01:22:48.168Z",1.07147,1.07153
"exness","EURUSD","2023-06-06 01:22:51.633Z",1.07148,1.07155
"exness","EURUSD","2023-06-06 01:23:01.183Z",1.0715,1.07156
"exness","EURUSD","2023-06-06 01:23:03.785Z",1.07151,1.07156
"exness","EURUSD","2023-06-06 01:23:11.173Z",1.07152,1.07158
"exness","EURUSD","2023-06-06 01:23:29.263Z",1.07154,1.07159
"exness","EURUSD","2023-06-06 01:23:30.307Z",1.07153,1.07159
"exness","EURUSD","2023-06-06 01:23:37.742Z",1.07152,1.07158
"exness","EURUSD","2023-06-06 01:23:42.928Z",1.07154,1.07161
"exness","EURUSD","2023-06-06 01:23:43.699Z",1.07156,1.07162
"exness","EURUSD","2023-06-06 01:23:51.561Z",1.07157,1.07164
"exness","EURUSD","2023-06-06 01:23:51.594Z",1.07159,1.07165
"exness","EURUSD","2023-06-06 01:23:51.816Z",1.07161,1.07167
"exness","EURUSD","2023-06-06 01:23:59.635Z",1.07159,1.07165
"exness","EURUSD","2023-06-06 01:24:00.827Z",1.07158,1.07164
"exness","EURUSD","2023-06-06 01:24:04.103Z",1.07158,1.07163
"exness","EURUSD","2023-06-06 01:24:07.048Z",1.07156,1.07163
"exness","EURUSD","2023-06-06 01:24:09.323Z",1.07155,1.07162
"exness","EURUSD","2023-06-06 01:24:20.705Z",1.07155,1.0716
"exness","EURUSD","2023-06-06 01:24:22.540Z",1.07153,1.07159
"exness","EURUSD","2023-06-06 01:24:24.333Z",1.07151,1.07157
"exness","EURUSD","2023-06-06 01:24:27.895Z",1.07151,1.07156
"exness","EURUSD","2023-06-06 01:24:31.154Z",1.07151,1.07157
"exness","EURUSD","2023-06-06 01:24:46.625Z",1.0715,1.07156
"exness","EURUSD","2023-06-06 01:24:50.894Z",1.07149,1.07154
"exness","EURUSD","2023-06-06 01:24:56.344Z",1.07148,1.07154
"exness","EURUSD","2023-06-06 01:24:58.166Z",1.07146,1.07152
"exness","EURUSD","2023-06-06 01:24:58.344Z",1.07144,1.0715
"exness","EURUSD","2023-06-06 01:25:04.583Z",1.0714299999999999,1.07149
"exness","EURUSD","2023-06-06 01:25:07.642Z",1.0714299999999999,1.07148
"exness","EURUSD","2023-06-06 01:25:08.692Z",1.0714299999999999,1.07149
"exness","EURUSD","2023-06-06 01:25:13.071Z",1.07144,1.0715
"exness","EURUSD","2023-06-06 01:25:19.478Z",1.0714299999999999,1.07149
"exness","EURUSD","2023-06-06 01:25:20.350Z",1.07144,1.07151
"exness","EURUSD","2023-06-06 01:25:24.097Z",1.0714299999999999,1.07149
"exness","EURUSD","2023-06-06 01:25:25.210Z",1.0714299999999999,1.07148
"exness","EURUSD","2023-06-06 01:25:27.529Z",1.0714299999999999,1.07149
"exness","EURUSD","2023-06-06 01:25:46.181Z",1.07145,1.07151
"exness","EURUSD","2023-06-06 01:25:47.334Z",1.07146,1.07152
"exness","EURUSD","2023-06-06 01:26:01.295Z",1.07148,1.07154
"exness","EURUSD","2023-06-06 01:26:03.049Z",1.07148,1.07153
"exness","EURUSD","2023-06-06 01:26:04.213Z",1.07147,1.07153
"exness","EURUSD","2023-06-06 01:26:06.341Z",1.07145,1.07151
"exness","EURUSD","2023-06-06 01:26:13.390Z",1.07146,1.07153
"exness","EURUSD","2023-06-06 01:26:23.596Z",1.07147,1.07154
"exness","EURUSD","2023-06-06 01:26:43.540Z",1.07148,1.07155
"exness","EURUSD","2023-06-06 01:26:43.553Z",1.0715,1.07156
"exness","EURUSD","2023-06-06 01:26:43.606Z",1.07151,1.07158
"exness","EURUSD","2023-06-06 01:26:48.905Z",1.07153,1.07158
"exness","EURUSD","2023-06-06 01:26:54.031Z",1.07151,1.07157
"exness","EURUSD","2023-06-06 01:26:54.097Z",1.07149,1.07155
"exness","EURUSD","2023-06-06 01:26:54.528Z",1.0715,1.07155
"exness","EURUSD","2023-06-06 01:27:02.523Z",1.07149,1.07156
"exness","EURUSD","2023-06-06 01:27:05.902Z",1.07148,1.07154
"exness","EURUSD","2023-06-06 01:27:07.943Z",1.07148,1.07153
"exness","EURUSD","2023-06-06 01:27:15.023Z",1.07146,1.07153
"exness","EURUSD","2023-06-06 01:27:58.826Z",1.07148,1.07154
"exness","EURUSD","2023-06-06 01:27:58.842Z",1.07149,1.07155
"exness","EURUSD","2023-06-06 01:27:58.916Z",1.07151,1.07157
"exness","EURUSD","2023-06-06 01:28:01.314Z",1.07152,1.07157
"exness","EURUSD","2023-06-06 01:28:12.199Z",1.0715,1.07156
"exness","EURUSD","2023-06-06 01:28:12.258Z",1.07149,1.07155
"exness","EURUSD","2023-06-06 01:28:15.728Z",1.07149,1.07154
"exness","EURUSD","2023-06-06 01:28:31.016Z",1.07149,1.07155
"exness","EURUSD","2023-06-06 01:28:54.190Z",1.07147,1.07154
"exness","EURUSD","2023-06-06 01:29:07.652Z",1.07146,1.07153
"exness","EURUSD","2023-06-06 01:29:31.728Z",1.07148,1.07153
"exness","EURUSD","2023-06-06 01:29:50.628Z",1.07149,1.07155
"exness","EURUSD","2023-06-06 01:30:00.687Z",1.07148,1.07154
"exness","EURUSD","2023-06-06 01:30:04.340Z",1.07147,1.07153
"exness","EURUSD","2023-06-06 01:30:21.703Z",1.07144,1.07151
"exness","EURUSD","2023-06-06 01:30:22.921Z",1.07142,1.07148
"exness","EURUSD","2023-06-06 01:30:25.300Z",1.07142,1.07147
"exness","EURUSD","2023-06-06 01:30:38.102Z",1.0714,1.07146
"exness","EURUSD","2023-06-06 01:30:43.094Z",1.0714,1.07145
"exness","EURUSD","2023-06-06 01:30:48.341Z",1.07137,1.0714299999999999
"exness","EURUSD","2023-06-06 01:30:48.359Z",1.07136,1.07142
"exness","EURUSD","2023-06-06 01:31:02.383Z",1.07138,1.07144
"exness","EURUSD","2023-06-06 01:31:03.057Z",1.07139,1.07144
"exness","EURUSD","2023-06-06 01:31:03.424Z",1.0714,1.07146
"exness","EURUSD","2023-06-06 01:31:03.932Z",1.07142,1.07147
"exness","EURUSD","2023-06-06 01:31:10.196Z",1.07142,1.07148
"exness","EURUSD","2023-06-06 01:31:15.409Z",1.0714299999999999,1.0715
"exness","EURUSD","2023-06-06 01:31:15.599Z",1.07145,1.07151
"exness","EURUSD","2023-06-06 01:31:17.610Z",1.07146,1.07152
"exness","EURUSD","2023-06-06 01:31:32.053Z",1.07147,1.07153
"exness","EURUSD","2023-06-06 01:31:35.957Z",1.07147,1.07152
"exness","EURUSD","2023-06-06 01:31:48.976Z",1.07146,1.07152
"exness","EURUSD","2023-06-06 01:31:50.398Z",1.07147,1.07154
"exness","EURUSD","2023-06-06 01:31:50.431Z",1.07149,1.07155
"exness","EURUSD","2023-06-06 01:31:59.663Z",1.07148,1.07154
"exness","EURUSD","2023-06-06 01:32:26.739Z",1.07147,1.07152
"exness","EURUSD","2023-06-06 01:32:26.765Z",1.07146,1.07152
"exness","EURUSD","2023-06-06 01:32:29.498Z",1.07145,1.07151
"exness","EURUSD","2023-06-06 01:32:30.937Z",1.0714299999999999,1.07149
"exness","EURUSD","2023-06-06 01:32:33.055Z",1.0714299999999999,1.07148
"exness","EURUSD","2023-06-06 01:32:40.278Z",1.07144,1.0715
"exness","EURUSD","2023-06-06 01:32:40.395Z",1.07146,1.07152
"exness","EURUSD","2023-06-06 01:32:42.076Z",1.07145,1.0715
"exness","EURUSD","2023-06-06 01:32:42.261Z",1.07144,1.0715
"exness","EURUSD","2023-06-06 01:33:07.078Z",1.07142,1.07148
"exness","EURUSD","2023-06-06 01:33:08.305Z",1.07141,1.07147
"exness","EURUSD","2023-06-06 01:33:09.223Z",1.07139,1.07146
"exness","EURUSD","2023-06-06 01:33:16.733Z",1.07137,1.07144
"exness","EURUSD","2023-06-06 01:33:34.291Z",1.07136,1.07142
"exness","EURUSD","2023-06-06 01:33:34.358Z",1.07134,1.07141
"exness","EURUSD","2023-06-06 01:33:35.441Z",1.0713300000000001,1.07139
"exness","EURUSD","2023-06-06 01:33:36.295Z",1.0713300000000001,1.07138
"exness","EURUSD","2023-06-06 01:33:37.307Z",1.0713300000000001,1.07139
"exness","EURUSD","2023-06-06 01:33:42.634Z",1.07131,1.07137
"exness","EURUSD","2023-06-06 01:33:46.108Z",1.0713,1.07136
"exness","EURUSD","2023-06-06 01:33:46.166Z",1.07128,1.07134
"exness","EURUSD","2023-06-06 01:33:47.255Z",1.07128,1.0713300000000001
"exness","EURUSD","2023-06-06 01:33:49.458Z",1.07127,1.0713300000000001
"exness","EURUSD","2023-06-06 01:33:51.444Z",1.07128,1.07134
"exness","EURUSD","2023-06-06 01:33:53.049Z",1.07127,1.0713300000000001
"exness","EURUSD","2023-06-06 01:34:01.333Z",1.07129,1.07135
"exness","EURUSD","2023-06-06 01:34:11.057Z",1.07131,1.07137
"exness","EURUSD","2023-06-06 01:34:12.240Z",1.0713300000000001,1.07138
"exness","EURUSD","2023-06-06 01:34:13.309Z",1.0713300000000001,1.07139
"exness","EURUSD","2023-06-06 01:34:51.655Z",1.07134,1.07139
"exness","EURUSD","2023-06-06 01:34:52.809Z",1.07134,1.07141
"exness","EURUSD","2023-06-06 01:35:00.858Z",1.07136,1.0714299999999999
"exness","EURUSD","2023-06-06 01:35:00.893Z",1.07138,1.07144
"exness","EURUSD","2023-06-06 01:35:00.944Z",1.0714,1.07146
"exness","EURUSD","2023-06-06 01:35:03.747Z",1.07142,1.07147
"exness","EURUSD","2023-06-06 01:35:06.686Z",1.07142,1.07148
"exness","EURUSD","2023-06-06 01:35:06.703Z",1.07144,1.0715
"exness","EURUSD","2023-06-06 01:35:06.750Z",1.07145,1.07152
"exness","EURUSD","2023-06-06 01:35:07.548Z",1.07147,1.07152
"exness","EURUSD","2023-06-06 01:35:30.172Z",1.07148,1.07154
"exness","EURUSD","2023-06-06 01:35:30.226Z",1.07149,1.07156
"exness","EURUSD","2023-06-06 01:35:32.356Z",1.07151,1.07156
"exness","EURUSD","2023-06-06 01:35:34.426Z",1.07151,1.07157
"exness","EURUSD","2023-06-06 01:35:38.292Z",1.07149,1.07156
"exness","EURUSD","2023-06-06 01:35:54.055Z",1.07151,1.07157
"exness","EURUSD","2023-06-06 01:36:00.205Z",1.07152,1.07157
"exness","EURUSD","2023-06-06 01:36:03.186Z",1.0715,1.07157
"exness","EURUSD","2023-06-06 01:36:04.442Z",1.07152,1.07157
"exness","EURUSD","2023-06-06 01:36:08.671Z",1.07151,1.07157
"exness","EURUSD","2023-06-06 01:36:13.109Z",1.07151,1.07156
"exness","EURUSD","2023-06-06 01:36:20.224Z",1.0715,1.07157
"exness","EURUSD","2023-06-06 01:36:36.900Z",1.07149,1.07155
"exness","EURUSD","2023-06-06 01:36:37.942Z",1.07149,1.07154
"exness","EURUSD","2023-06-06 01:36:42.480Z",1.07147,1.07154
"exness","EURUSD","2023-06-06 01:36:45.082Z",1.07146,1.07153
"exness","EURUSD","2023-06-06 01:36:48.002Z",1.07147,1.07154
"exness","EURUSD","2023-06-06 01:36:49.970Z",1.07149,1.07155
"exness","EURUSD","2023-06-06 01:36:54.611Z",1.07149,1.07154
"exness","EURUSD","2023-06-06 01:37:00.805Z",1.07149,1.07155
"exness","EURUSD","2023-06-06 01:37:01.436Z",1.07148,1.07154
"exness","EURUSD","2023-06-06 01:37:01.486Z",1.07146,1.07152
"exness","EURUSD","2023-06-06 01:37:01.503Z",1.07144,1.07151
"exness","EURUSD","2023-06-06 01:37:01.541Z",1.0714299999999999,1.07149
"exness","EURUSD","2023-06-06 01:37:02.363Z",1.07142,1.07147
"exness","EURUSD","2023-06-06 01:37:04.703Z",1.07141,1.07147
"exness","EURUSD","2023-06-06 01:37:18.831Z",1.0714299999999999,1.07149
"exness","EURUSD","2023-06-06 01:37:20.473Z",1.07144,1.07151
"exness","EURUSD","2023-06-06 01:37:22.799Z",1.07145,1.07152
"exness","EURUSD","2023-06-06 01:37:23.268Z",1.07144,1.0715
"exness","EURUSD","2023-06-06 01:37:23.529Z",1.0714299999999999,1.07148
"exness","EURUSD","2023-06-06 01:37:23.767Z",1.07142,1.07148
"exness","EURUSD","2023-06-06 01:37:25.318Z",1.07142,1.07147
"exness","EURUSD","2023-06-06 01:37:28.569Z",1.0714,1.07147
"exness","EURUSD","2023-06-06 01:37:30.668Z",1.07142,1.07148
"exness","EURUSD","2023-06-06 01:37:33.869Z",1.0714299999999999,1.07149
"exness","EURUSD","2023-06-06 01:37:44.802Z",1.07142,1.07148
"exness","EURUSD","2023-06-06 01:38:00.023Z",1.0714299999999999,1.07149
"exness","EURUSD","2023-06-06 01:38:01.929Z",1.07145,1.07151
"exness","EURUSD","2023-06-06 01:38:06.227Z",1.07147,1.07153
"exness","EURUSD","2023-06-06 01:38:10.221Z",1.07145,1.07151
"exness","EURUSD","2023-06-06 01:38:11.411Z",1.07144,1.0715
"exness","EURUSD","2023-06-06 01:38:13.608Z",1.07142,1.07148
"exness","EURUSD","2023-06-06 01:38:27.350Z",1.07144,1.0715
"exness","EURUSD","2023-06-06 01:38:27.483Z",1.07145,1.07151
"exness","EURUSD","2023-06-06 01:38:27.968Z",1.07147,1.07152
"exness","EURUSD","2023-06-06 01:38:30.482Z",1.07147,1.07153
"exness","EURUSD","2023-06-06 01:38:37.397Z",1.07148,1.07154
"exness","EURUSD","2023-06-06 01:38:42.283Z",1.07148,1.07153
"exness","EURUSD","2023-06-06 01:38:44.472Z",1.07146,1.07153
"exness","EURUSD","2023-06-06 01:38:45.481Z",1.07145,1.07151
"exness","EURUSD","2023-06-06 01:39:02.338Z",1.07146,1.07153
"exness","EURUSD","2023-06-06 01:39:16.480Z",1.07145,1.07151
"exness","EURUSD","2023-06-06 01:39:19.836Z",1.07146,1.07152
"exness","EURUSD","2023-06-06 01:39:32.515Z",1.07148,1.07154
"exness","EURUSD","2023-06-06 01:39:41.098Z",1.07149,1.07156
"exness","EURUSD","2023-06-06 01:39:41.429Z",1.07151,1.07157
"exness","EURUSD","2023-06-06 01:39:41.598Z",1.07152,1.07159
"exness","EURUSD","2023-06-06 01:39:44.555Z",1.07151,1.07158
"exness","EURUSD","2023-06-06 01:39:46.202Z",1.07154,1.0716
"exness","EURUSD","2023-06-06 01:39:46.239Z",1.07155,1.07161
"exness","EURUSD","2023-06-06 01:39:49.505Z",1.07154,1.0716
"exness","EURUSD","2023-06-06 01:39:49.646Z",1.07152,1.07159
"exness","EURUSD","2023-06-06 01:39:54.469Z",1.07154,1.0716
"exness","EURUSD","2023-06-06 01:39:55.598Z",1.07155,1.07161
"exness","EURUSD","2023-06-06 01:39:56.122Z",1.07155,1.0716
"exness","EURUSD","2023-06-06 01:39:57.559Z",1.07155,1.07161
"exness","EURUSD","2023-06-06 01:39:59.257Z",1.07156,1.07161
"exness","EURUSD","2023-06-06 01:40:03.715Z",1.07156,1.07163
"exness","EURUSD","2023-06-06 01:40:04.480Z",1.07158,1.07164
"exness","EURUSD","2023-06-06 01:40:10.107Z",1.07158,1.07163
"exness","EURUSD","2023-06-06 01:40:13.976Z",1.07156,1.07162
"exness","EURUSD","2023-06-06 01:40:17.851Z",1.07158,1.07164
"exness","EURUSD","2023-06-06 01:40:22.157Z",1.0716,1.07167
"exness","EURUSD","2023-06-06 01:40:22.853Z",1.07162,1.07167
"exness","EURUSD","2023-06-06 01:40:26.167Z",1.0716,1.07167
"exness","EURUSD","2023-06-06 01:40:26.206Z",1.07159,1.07165
"exness","EURUSD","2023-06-06 01:40:28.045Z",1.07158,1.07163
"exness","EURUSD","2023-06-06 01:40:31.029Z",1.07159,1.07165
"exness","EURUSD","2023-06-06 01:40:34.603Z",1.07158,1.07164
"exness","EURUSD","2023-06-06 01:40:43.535Z",1.07158,1.07163
"exness","EURUSD","2023-06-06 01:40:43.626Z",1.07156,1.07162
"exness","EURUSD","2023-06-06 01:40:45.923Z",1.07156,1.07161
"exness","EURUSD","2023-06-06 01:40:46.136Z",1.07154,1.07161
"exness","EURUSD","2023-06-06 01:40:46.301Z",1.07154,1.07159
"exness","EURUSD","2023-06-06 01:40:48.508Z",1.07153,1.07159
"exness","EURUSD","2023-06-06 01:40:48.585Z",1.07154,1.0716
"exness","EURUSD","2023-06-06 01:40:48.703Z",1.07156,1.07162
"exness","EURUSD","2023-06-06 01:41:01.313Z",1.07155,1.07161
"exness","EURUSD","2023-06-06 01:41:11.392Z",1.07153,1.0716
"exness","EURUSD","2023-06-06 01:41:11.707Z",1.07153,1.07158
"exness","EURUSD","2023-06-06 01:41:17.216Z",1.07154,1.0716
"exness","EURUSD","2023-06-06 01:41:17.650Z",1.07156,1.07162
"exness","EURUSD","2023-06-06 01:41:43.585Z",1.07154,1.0716
"exness","EURUSD","2023-06-06 01:41:43.676Z",1.07152,1.07158
"exness","EURUSD","2023-06-06 01:41:45.415Z",1.0715,1.07156
"exness","EURUSD","2023-06-06 01:41:45.521Z",1.07148,1.07154
"exness","EURUSD","2023-06-06 01:41:45.956Z",1.07148,1.07153
"exness","EURUSD","2023-06-06 01:41:48.038Z",1.07148,1.07154
"exness","EURUSD","2023-06-06 01:41:53.598Z",1.0715,1.07156
"exness","EURUSD","2023-06-06 01:42:02.086Z",1.07148,1.07154
"exness","EURUSD","2023-06-06 01:42:02.151Z",1.07147,1.07153
"exness","EURUSD","2023-06-06 01:42:03.245Z",1.07146,1.07151
"exness","EURUSD","2023-06-06 01:42:04.762Z",1.07144,1.0715
"exness","EURUSD","2023-06-06 01:42:05.117Z",1.07142,1.07149
"exness","EURUSD","2023-06-06 01:42:09.267Z",1.07142,1.07147
"exness","EURUSD","2023-06-06 01:42:41.535Z",1.0714299999999999,1.07149
"exness","EURUSD","2023-06-06 01:42:41.550Z",1.07145,1.07151
"exness","EURUSD","2023-06-06 01:42:47.518Z",1.07146,1.07152
"exness","EURUSD","2023-06-06 01:43:11.372Z",1.07147,1.07153
"exness","EURUSD","2023-06-06 01:43:15.715Z",1.07149,1.07154
"exness","EURUSD","2023-06-06 01:43:23.740Z",1.07147,1.07153
"exness","EURUSD","2023-06-06 01:43:29.704Z",1.07145,1.07152
"exness","EURUSD","2023-06-06 01:43:41.579Z",1.07144,1.0715
"exness","EURUSD","2023-06-06 01:43:41.603Z",1.07142,1.07148
"exness","EURUSD","2023-06-06 01:43:46.378Z",1.07141,1.07146
"exness","EURUSD","2023-06-06 01:43:55.933Z",1.0714299999999999,1.07149
"exness","EURUSD","2023-06-06 01:43:57.409Z",1.07144,1.0715
"exness","EURUSD","2023-06-06 01:43:58.903Z",1.07144,1.07149
"exness","EURUSD","2023-06-06 01:43:58.995Z",1.07142,1.07149
"exness","EURUSD","2023-06-06 01:44:12.184Z",1.07144,1.0715
"exness","EURUSD","2023-06-06 01:44:12.442Z",1.07146,1.07151
"exness","EURUSD","2023-06-06 01:44:13.131Z",1.07144,1.0715
"exness","EURUSD","2023-06-06 01:44:14.003Z",1.07145,1.0715
"exness","EURUSD","2023-06-06 01:44:23.312Z",1.0714299999999999,1.07149
"exness","EURUSD","2023-06-06 01:44:23.542Z",1.07144,1.0715
"exness","EURUSD","2023-06-06 01:44:23.696Z",1.07146,1.07152
"exness","EURUSD","2023-06-06 01:44:23.709Z",1.07148,1.07154
"exness","EURUSD","2023-06-06 01:44:24.096Z",1.07149,1.07155
"exness","EURUSD","2023-06-06 01:44:25.014Z",1.07148,1.07154
"exness","EURUSD","2023-06-06 01:44:28.126Z",1.07147,1.07153
"exness","EURUSD","2023-06-06 01:44:39.273Z",1.07144,1.07151
"exness","EURUSD","2023-06-06 01:44:50.834Z",1.0714299999999999,1.07149
"exness","EURUSD","2023-06-06 01:44:51.898Z",1.07142,1.07148
"exness","EURUSD","2023-06-06 01:44:59.225Z",1.07139,1.07146
"exness","EURUSD","2023-06-06 01:44:59.406Z",1.07138,1.07144
"exness","EURUSD","2023-06-06 01:44:59.622Z",1.07136,1.0714299999999999
"exness","EURUSD","2023-06-06 01:45:08.680Z",1.07138,1.0714299999999999
"exness","EURUSD","2023-06-06 01:45:10.793Z",1.07138,1.07144
"exness","EURUSD","2023-06-06 01:45:13.979Z",1.07139,1.07146
"exness","EURUSD","2023-06-06 01:45:15.037Z",1.07138,1.07144
"exness","EURUSD","2023-06-06 01:45:18.058Z",1.07136,1.0714299999999999
"exness","EURUSD","2023-06-06 01:45:21.472Z",1.07138,1.07144
"exness","EURUSD","2023-06-06 01:45:23.342Z",1.07139,1.07145
"exness","EURUSD","2023-06-06 01:45:30.391Z",1.07138,1.07144
"exness","EURUSD","2023-06-06 01:45:31.029Z",1.07138,1.0714299999999999
"exness","EURUSD","2023-06-06 01:45:34.325Z",1.07138,1.07145
"exness","EURUSD","2023-06-06 01:45:34.349Z",1.0714,1.07146
"exness","EURUSD","2023-06-06 01:45:34.861Z",1.07141,1.07146
"exness","EURUSD","2023-06-06 01:45:42.091Z",1.07139,1.07145
"exness","EURUSD","2023-06-06 01:45:51.668Z",1.0714,1.07147
"exness","EURUSD","2023-06-06 01:45:51.763Z",1.07142,1.07148
"exness","EURUSD","2023-06-06 01:45:51.793Z",1.0714299999999999,1.0715
"exness","EURUSD","2023-06-06 01:45:52.341Z",1.07145,1.07151
"exness","EURUSD","2023-06-06 01:45:52.362Z",1.07147,1.07153
"exness","EURUSD","2023-06-06 01:45:52.446Z",1.07148,1.07153
"exness","EURUSD","2023-06-06 01:45:52.524Z",1.07149,1.07155
"exness","EURUSD","2023-06-06 01:45:53.105Z",1.07147,1.07153
"exness","EURUSD","2023-06-06 01:45:53.313Z",1.07145,1.07152
"exness","EURUSD","2023-06-06 01:45:53.326Z",1.07145,1.0715
"exness","EURUSD","2023-06-06 01:45:53.533Z",1.0714299999999999,1.07149
"exness","EURUSD","2023-06-06 01:45:53.583Z",1.0714299999999999,1.07148
"exness","EURUSD","2023-06-06 01:45:54.003Z",1.07141,1.07147
"exness","EURUSD","2023-06-06 01:45:54.061Z",1.07139,1.07146
"exness","EURUSD","2023-06-06 01:45:54.089Z",1.07138,1.07144
"exness","EURUSD","2023-06-06 01:45:54.184Z",1.07138,1.0714299999999999
"exness","EURUSD","2023-06-06 01:45:54.195Z",1.07136,1.07142
"exness","EURUSD","2023-06-06 01:45:54.785Z",1.07136,1.07141
"exness","EURUSD","2023-06-06 01:45:59.596Z",1.07135,1.07141
"exness","EURUSD","2023-06-06 01:46:14.352Z",1.07136,1.07142
"exness","EURUSD","2023-06-06 01:46:26.525Z",1.07135,1.07141
"exness","EURUSD","2023-06-06 01:46:30.338Z",1.07136,1.07141
"exness","EURUSD","2023-06-06 01:46:31.386Z",1.07134,1.0714
"exness","EURUSD","2023-06-06 01:46:31.871Z",1.07132,1.07139
"exness","EURUSD","2023-06-06 01:46:33.534Z",1.07131,1.07137
"exness","EURUSD","2023-06-06 01:46:36.760Z",1.07129,1.07135
"exness","EURUSD","2023-06-06 01:46:36.882Z",1.07127,1.07134
"exness","EURUSD","2023-06-06 01:46:41.378Z",1.07127,1.07132
"exness","EURUSD","2023-06-06 01:46:41.397Z",1.07128,1.07134
"exness","EURUSD","2023-06-06 01:46:42.110Z",1.07129,1.07135
"exness","EURUSD","2023-06-06 01:46:51.292Z",1.07131,1.07137
"exness","EURUSD","2023-06-06 01:46:51.361Z",1.07132,1.07138
"exness","EURUSD","2023-06-06 01:46:51.399Z",1.07134,1.0714
"exness","EURUSD","2023-06-06 01:46:51.466Z",1.07136,1.07142
"exness","EURUSD","2023-06-06 01:46:51.490Z",1.07137,1.07144
"exness","EURUSD","2023-06-06 01:46:53.202Z",1.07136,1.07142
"exness","EURUSD","2023-06-06 01:47:02.465Z",1.0713300000000001,1.0714
"exness","EURUSD","2023-06-06 01:47:03.164Z",1.0713300000000001,1.07138
"exness","EURUSD","2023-06-06 01:47:05.108Z",1.0713300000000001,1.07139
"exness","EURUSD","2023-06-06 01:47:05.187Z",1.07134,1.0714
"exness","EURUSD","2023-06-06 01:47:05.207Z",1.07136,1.07141
"exness","EURUSD","2023-06-06 01:47:05.269Z",1.07136,1.07142
"exness","EURUSD","2023-06-06 01:47:05.636Z",1.07138,1.07144
"exness","EURUSD","2023-06-06 01:47:11.722Z",1.07139,1.07145
"exness","EURUSD","2023-06-06 01:47:12.060Z",1.07141,1.07146
"exness","EURUSD","2023-06-06 01:47:17.533Z",1.0714,1.07146
"exness","EURUSD","2023-06-06 01:47:18.401Z",1.07141,1.07147
"exness","EURUSD","2023-06-06 01:47:22.042Z",1.07139,1.07145
"exness","EURUSD","2023-06-06 01:47:43.591Z",1.07137,1.07144
"exness","EURUSD","2023-06-06 01:47:43.627Z",1.07136,1.07142
"exness","EURUSD","2023-06-06 01:47:43.927Z",1.07137,1.07144
"exness","EURUSD","2023-06-06 01:47:46.382Z",1.07139,1.07145
"exness","EURUSD","2023-06-06 01:47:48.557Z",1.0714,1.07146
"exness","EURUSD","2023-06-06 01:48:00.947Z",1.07141,1.07146
"exness","EURUSD","2023-06-06 01:48:03.658Z",1.07139,1.07145
"exness","EURUSD","2023-06-06 01:48:10.754Z",1.07137,1.0714299999999999
"exness","EURUSD","2023-06-06 01:48:12.967Z",1.07138,1.0714299999999999
"exness","EURUSD","2023-06-06 01:48:13.581Z",1.07138,1.07145
"exness","EURUSD","2023-06-06 01:48:24.522Z",1.07136,1.0714299999999999
"exness","EURUSD","2023-06-06 01:48:27.404Z",1.07136,1.07141
"exness","EURUSD","2023-06-06 01:48:38.098Z",1.07136,1.0714299999999999
"exness","EURUSD","2023-06-06 01:48:45.937Z",1.07138,1.07144
"exness","EURUSD","2023-06-06 01:48:50.145Z",1.07137,1.07142
"exness","EURUSD","2023-06-06 01:49:01.809Z",1.07138,1.07144
"exness","EURUSD","2023-06-06 01:49:06.025Z",1.07139,1.07144
"exness","EURUSD","2023-06-06 01:49:09.310Z",1.0714,1.07146
"exness","EURUSD","2023-06-06 01:49:21.813Z",1.07138,1.07144
"exness","EURUSD","2023-06-06 01:49:22.076Z",1.07136,1.07142
"exness","EURUSD","2023-06-06 01:49:26.195Z",1.07135,1.07141
"exness","EURUSD","2023-06-06 01:49:26.976Z",1.07136,1.07142
"exness","EURUSD","2023-06-06 01:49:27.016Z",1.07138,1.0714299999999999
"exness","EURUSD","2023-06-06 01:49:27.086Z",1.07138,1.07144
"exness","EURUSD","2023-06-06 01:49:27.845Z",1.07137,1.0714299999999999
"exness","EURUSD","2023-06-06 01:49:28.115Z",1.07136,1.07141
"exness","EURUSD","2023-06-06 01:49:30.249Z",1.07134,1.0714
"exness","EURUSD","2023-06-06 01:49:43.494Z",1.07135,1.07141
"exness","EURUSD","2023-06-06 01:49:48.606Z",1.07134,1.0714
"exness","EURUSD","2023-06-06 01:50:03.279Z",1.07135,1.07142
"exness","EURUSD","2023-06-06 01:50:24.538Z",1.07138,1.07144
"exness","EURUSD","2023-06-06 01:50:28.561Z",1.07137,1.0714299999999999
"exness","EURUSD","2023-06-06 01:50:30.100Z",1.07137,1.07142
"exness","EURUSD","2023-06-06 01:50:33.138Z",1.07137,1.0714299999999999
"exness","EURUSD","2023-06-06 01:50:35.348Z",1.07136,1.07142
"exness","EURUSD","2023-06-06 01:50:36.148Z",1.07134,1.07141
"exness","EURUSD","2023-06-06 01:50:43.735Z",1.0713300000000001,1.0714
"exness","EURUSD","2023-06-06 01:50:50.633Z",1.0713300000000001,1.07138
"exness","EURUSD","2023-06-06 01:50:50.738Z",1.07132,1.07138
"exness","EURUSD","2023-06-06 01:50:52.010Z",1.0713300000000001,1.07138
"exness","EURUSD","2023-06-06 01:51:01.468Z",1.07134,1.0714
"exness","EURUSD","2023-06-06 01:51:01.531Z",1.07136,1.07142
"exness","EURUSD","2023-06-06 01:51:01.849Z",1.07137,1.0714299999999999
"exness","EURUSD","2023-06-06 01:51:02.413Z",1.07139,1.07144
"exness","EURUSD","2023-06-06 01:51:03.656Z",1.07139,1.07145
"exness","EURUSD","2023-06-06 01:51:30.991Z",1.0714,1.07146
"exness","EURUSD","2023-06-06 01:51:35.907Z",1.07138,1.07145
"exness","EURUSD","2023-06-06 01:51:37.868Z",1.07138,1.0714299999999999
"exness","EURUSD","2023-06-06 01:51:41.717Z",1.07139,1.07145
"exness","EURUSD","2023-06-06 01:51:41.762Z",1.0714,1.07147
"exness","EURUSD","2023-06-06 01:51:41.935Z",1.07142,1.07148
"exness","EURUSD","2023-06-06 01:51:42.065Z",1.07144,1.07149
"exness","EURUSD","2023-06-06 01:51:45.283Z",1.07142,1.07148
"exness","EURUSD","2023-06-06 01:51:45.882Z",1.07142,1.07147
"exness","EURUSD","2023-06-06 01:51:53.014Z",1.07142,1.07148
"exness","EURUSD","2023-06-06 01:52:04.114Z",1.07141,1.07147
"exness","EURUSD","2023-06-06 01:52:04.788Z",1.07139,1.07145
"exness","EURUSD","2023-06-06 01:52:05.126Z",1.07139,1.07144
"exness","EURUSD","2023-06-06 01:52:05.283Z",1.07139,1.07145
"exness","EURUSD","2023-06-06 01:52:06.397Z",1.07141,1.07147
"exness","EURUSD","2023-06-06 01:52:22.263Z",1.07142,1.07148
"exness","EURUSD","2023-06-06 01:52:24.111Z",1.0714299999999999,1.0715
"exness","EURUSD","2023-06-06 01:52:26.375Z",1.07144,1.07151
"exness","EURUSD","2023-06-06 01:52:27.269Z",1.0714299999999999,1.07149
"exness","EURUSD","2023-06-06 01:52:29.631Z",1.07142,1.07148
"exness","EURUSD","2023-06-06 01:52:31.985Z",1.07141,1.07147
"exness","EURUSD","2023-06-06 01:53:02.304Z",1.0714,1.07146
"exness","EURUSD","2023-06-06 01:53:15.743Z",1.07138,1.07145
"exness","EURUSD","2023-06-06 01:53:23.903Z",1.0714,1.07146
"exness","EURUSD","2023-06-06 01:53:34.164Z",1.07142,1.07147
"exness","EURUSD","2023-06-06 01:53:36.768Z",1.07142,1.07149
"exness","EURUSD","2023-06-06 01:53:38.375Z",1.07144,1.0715
"exness","EURUSD","2023-06-06 01:53:57.183Z",1.07142,1.07149
"exness","EURUSD","2023-06-06 01:54:00.602Z",1.07142,1.07147
"exness","EURUSD","2023-06-06 01:54:11.005Z",1.07141,1.07147
"exness","EURUSD","2023-06-06 01:54:38.566Z",1.07142,1.07147
"exness","EURUSD","2023-06-06 01:54:54.548Z",1.0714299999999999,1.0715
"exness","EURUSD","2023-06-06 01:55:07.997Z",1.07142,1.07149
"exness","EURUSD","2023-06-06 01:55:09.155Z",1.07142,1.07147
"exness","EURUSD","2023-06-06 01:55:13.625Z",1.07141,1.07147
"exness","EURUSD","2023-06-06 01:55:17.793Z",1.0714299999999999,1.07149
"exness","EURUSD","2023-06-06 01:55:19.204Z",1.07144,1.0715
"exness","EURUSD","2023-06-06 01:55:23.656Z",1.07144,1.07149
"exness","EURUSD","2023-06-06 01:55:30.563Z",1.07142,1.07149
"exness","EURUSD","2023-06-06 01:55:35.461Z",1.07144,1.0715
"exness","EURUSD","2023-06-06 01:55:38.212Z",1.07145,1.0715
"exness","EURUSD","2023-06-06 01:56:12.046Z",1.07146,1.07153
"exness","EURUSD","2023-06-06 01:56:12.061Z",1.07148,1.07154
"exness","EURUSD","2023-06-06 01:56:40.766Z",1.07149,1.07154
"exness","EURUSD","2023-06-06 01:56:41.269Z",1.0715,1.07156
"exness","EURUSD","2023-06-06 01:56:41.636Z",1.07151,1.07157
"exness","EURUSD","2023-06-06 01:56:47.858Z",1.07153,1.0716
"exness","EURUSD","2023-06-06 01:56:52.953Z",1.07151,1.07158
"exness","EURUSD","2023-06-06 01:56:57.385Z",1.07152,1.07157
"exness","EURUSD","2023-06-06 01:57:00.912Z",1.0715,1.07156
"exness","EURUSD","2023-06-06 01:57:00.925Z",1.07148,1.07154
"exness","EURUSD","2023-06-06 01:57:00.956Z",1.07146,1.07153
"exness","EURUSD","2023-06-06 01:57:01.196Z",1.07145,1.07151
"exness","EURUSD","2023-06-06 01:57:09.113Z",1.07144,1.0715
"exness","EURUSD","2023-06-06 01:57:09.129Z",1.07142,1.07148
"exness","EURUSD","2023-06-06 01:57:09.671Z",1.07142,1.07147
"exness","EURUSD","2023-06-06 01:57:39.956Z",1.07141,1.07147
"exness","EURUSD","2023-06-06 01:57:47.267Z",1.07142,1.07148
"exness","EURUSD","2023-06-06 01:57:49.554Z",1.07144,1.0715
"exness","EURUSD","2023-06-06 01:57:53.425Z",1.07146,1.07152
"exness","EURUSD","2023-06-06 01:57:55.476Z",1.07145,1.0715
"exness","EURUSD","2023-06-06 01:58:06.310Z",1.07144,1.0715
"exness","EURUSD","2023-06-06 01:58:16.484Z",1.07142,1.07147
"exness","EURUSD","2023-06-06 01:58:16.810Z",1.0714299999999999,1.07149
"exness","EURUSD","2023-06-06 01:58:16.836Z",1.07144,1.07151
"exness","EURUSD","2023-06-06 01:58:18.394Z",1.07145,1.0715
"exness","EURUSD","2023-06-06 01:58:51.250Z",1.07146,1.07153
"exness","EURUSD","2023-06-06 01:58:51.292Z",1.07148,1.07154
"exness","EURUSD","2023-06-06 01:58:51.362Z",1.0715,1.07156
"exness","EURUSD","2023-06-06 01:59:00.644Z",1.07148,1.07155
"exness","EURUSD","2023-06-06 01:59:05.265Z",1.0715,1.07156
"exness","EURUSD","2023-06-06 01:59:06.286Z",1.07151,1.07157
"exness","EURUSD","2023-06-06 01:59:27.283Z",1.07153,1.07159
"exness","EURUSD","2023-06-06 01:59:29.394Z",1.07154,1.07159
"exness","EURUSD","2023-06-06 01:59:35.672Z",1.07153,1.07159
"exness","EURUSD","2023-06-06 02:00:09.060Z",1.07155,1.07161
"exness","EURUSD","2023-06-06 02:00:14.408Z",1.07157,1.07163
"exness","EURUSD","2023-06-06 02:00:17.171Z",1.07158,1.07164
"exness","EURUSD","2023-06-06 02:00:17.196Z",1.07159,1.07165
"exness","EURUSD","2023-06-06 02:00:19.495Z",1.07161,1.07166
"exness","EURUSD","2023-06-06 02:00:20.334Z",1.07161,1.07167
"exness","EURUSD","2023-06-06 02:00:30.607Z",1.07163,1.07169
"exness","EURUSD","2023-06-06 02:00:31.312Z",1.07165,1.0717
"exness","EURUSD","2023-06-06 02:00:31.572Z",1.07165,1.07171
"exness","EURUSD","2023-06-06 02:00:41.903Z",1.07167,1.07173
"exness","EURUSD","2023-06-06 02:00:54.993Z",1.07165,1.07172
"exness","EURUSD","2023-06-06 02:01:03.056Z",1.07164,1.0717
"exness","EURUSD","2023-06-06 02:01:04.088Z",1.07163,1.07169
"exness","EURUSD","2023-06-06 02:01:11.678Z",1.07161,1.07168
"exness","EURUSD","2023-06-06 02:01:17.364Z",1.07164,1.07169
"exness","EURUSD","2023-06-06 02:01:23.117Z",1.07162,1.07169
"exness","EURUSD","2023-06-06 02:01:26.407Z",1.07162,1.07167
"exness","EURUSD","2023-06-06 02:01:27.665Z",1.07161,1.07167
"exness","EURUSD","2023-06-06 02:01:33.565Z",1.0716,1.07165
"exness","EURUSD","2023-06-06 02:01:35.726Z",1.07161,1.07167
"exness","EURUSD","2023-06-06 02:01:37.799Z",1.07162,1.07167
"exness","EURUSD","2023-06-06 02:01:45.943Z",1.0716,1.07166
"exness","EURUSD","2023-06-06 02:01:52.608Z",1.07161,1.07167
"exness","EURUSD","2023-06-06 02:02:00.939Z",1.07163,1.07169
"exness","EURUSD","2023-06-06 02:02:01.340Z",1.07165,1.07171
"exness","EURUSD","2023-06-06 02:02:08.137Z",1.07163,1.07169
"exness","EURUSD","2023-06-06 02:02:09.035Z",1.07162,1.07167
"exness","EURUSD","2023-06-06 02:02:14.458Z",1.07161,1.07167
"exness","EURUSD","2023-06-06 02:02:27.674Z",1.07162,1.07167
"exness","EURUSD","2023-06-06 02:02:29.677Z",1.07163,1.07169
"exness","EURUSD","2023-06-06 02:02:33.611Z",1.07164,1.07169
"exness","EURUSD","2023-06-06 02:02:47.799Z",1.07165,1.07171
"exness","EURUSD","2023-06-06 02:02:52.969Z",1.07167,1.07172
"exness","EURUSD","2023-06-06 02:02:54.042Z",1.07167,1.07173
"exness","EURUSD","2023-06-06 02:03:09.006Z",1.07166,1.07171
"exness","EURUSD","2023-06-06 02:03:16.311Z",1.07166,1.07173
"exness","EURUSD","2023-06-06 02:03:23.592Z",1.07164,1.07171
"exness","EURUSD","2023-06-06 02:03:23.634Z",1.07163,1.07169
"exness","EURUSD","2023-06-06 02:03:28.748Z",1.07162,1.07167
"exness","EURUSD","2023-06-06 02:03:54.071Z",1.07161,1.07167
"exness","EURUSD","2023-06-06 02:04:07.940Z",1.07159,1.07165
"exness","EURUSD","2023-06-06 02:04:18.041Z",1.07161,1.07166
"exness","EURUSD","2023-06-06 02:04:24.744Z",1.07159,1.07165
"exness","EURUSD","2023-06-06 02:04:45.794Z",1.0716,1.07166
"exness","EURUSD","2023-06-06 02:04:53.575Z",1.07161,1.07166
"exness","EURUSD","2023-06-06 02:04:55.621Z",1.07162,1.07168
"exness","EURUSD","2023-06-06 02:05:01.271Z",1.07164,1.0717
"exness","EURUSD","2023-06-06 02:05:01.419Z",1.07165,1.07171
"exness","EURUSD","2023-06-06 02:05:20.356Z",1.07166,1.07172
"exness","EURUSD","2023-06-06 02:05:20.725Z",1.07165,1.07171
"exness","EURUSD","2023-06-06 02:05:20.815Z",1.07163,1.07169
"exness","EURUSD","2023-06-06 02:05:25.639Z",1.07164,1.07169
"exness","EURUSD","2023-06-06 02:05:34.068Z",1.07165,1.07172
"exness","EURUSD","2023-06-06 02:05:39.380Z",1.07166,1.07171
"exness","EURUSD","2023-06-06 02:05:46.515Z",1.07165,1.0717
"exness","EURUSD","2023-06-06 02:05:46.541Z",1.07163,1.0717
"exness","EURUSD","2023-06-06 02:05:47.354Z",1.07163,1.07168
"exness","EURUSD","2023-06-06 02:05:51.826Z",1.07163,1.07169
"exness","EURUSD","2023-06-06 02:06:00.461Z",1.07162,1.07168
"exness","EURUSD","2023-06-06 02:06:07.257Z",1.0716,1.07166
"exness","EURUSD","2023-06-06 02:06:07.292Z",1.07159,1.07165
"exness","EURUSD","2023-06-06 02:06:09.617Z",1.0716,1.07166
"exness","EURUSD","2023-06-06 02:06:13.663Z",1.07161,1.07167
"exness","EURUSD","2023-06-06 02:06:22.372Z",1.07163,1.07169
"exness","EURUSD","2023-06-06 02:06:22.459Z",1.07165,1.07171
"exness","EURUSD","2023-06-06 02:06:22.567Z",1.07166,1.07172
"exness","EURUSD","2023-06-06 02:06:43.638Z",1.07168,1.07175
"exness","EURUSD","2023-06-06 02:06:43.879Z",1.0717,1.07176
"exness","EURUSD","2023-06-06 02:06:47.424Z",1.07171,1.07176
"exness","EURUSD","2023-06-06 02:06:47.710Z",1.07172,1.07178
"exness","EURUSD","2023-06-06 02:06:48.790Z",1.07173,1.07179
"exness","EURUSD","2023-06-06 02:06:48.831Z",1.07175,1.07181
"exness","EURUSD","2023-06-06 02:06:48.907Z",1.07176,1.07182
"exness","EURUSD","2023-06-06 02:06:59.920Z",1.07174,1.0718
"exness","EURUSD","2023-06-06 02:07:00.140Z",1.07173,1.07179
"exness","EURUSD","2023-06-06 02:07:01.565Z",1.07172,1.07177
"exness","EURUSD","2023-06-06 02:07:10.873Z",1.07172,1.07179
"exness","EURUSD","2023-06-06 02:07:24.229Z",1.07174,1.07179
"exness","EURUSD","2023-06-06 02:07:27.614Z",1.07175,1.07181
"exness","EURUSD","2023-06-06 02:07:28.254Z",1.07176,1.07181
"exness","EURUSD","2023-06-06 02:07:43.909Z",1.07174,1.0718
"exness","EURUSD","2023-06-06 02:07:47.429Z",1.07176,1.07182
"exness","EURUSD","2023-06-06 02:07:48.452Z",1.07177,1.07183
"exness","EURUSD","2023-06-06 02:07:54.793Z",1.07178,1.07183
"exness","EURUSD","2023-06-06 02:07:57.679Z",1.07177,1.07183
"exness","EURUSD","2023-06-06 02:07:59.603Z",1.07178,1.07185
"exness","EURUSD","2023-06-06 02:07:59.619Z",1.0718,1.07186
"exness","EURUSD","2023-06-06 02:08:00.129Z",1.07182,1.07188
"exness","EURUSD","2023-06-06 02:08:26.198Z",1.07183,1.0719
"exness","EURUSD","2023-06-06 02:08:27.244Z",1.07185,1.07191
"exness","EURUSD","2023-06-06 02:08:34.909Z",1.07186,1.07191
"exness","EURUSD","2023-06-06 02:08:58.106Z",1.07187,1.07193
"exness","EURUSD","2023-06-06 02:09:00.257Z",1.07189,1.07195
"exness","EURUSD","2023-06-06 02:09:00.407Z",1.07191,1.07196
"exness","EURUSD","2023-06-06 02:09:01.415Z",1.07191,1.07197
"exness","EURUSD","2023-06-06 02:09:02.509Z",1.07192,1.07198
"exness","EURUSD","2023-06-06 02:09:18.691Z",1.0719,1.07197
"exness","EURUSD","2023-06-06 02:09:20.343Z",1.07192,1.07197
"exness","EURUSD","2023-06-06 02:09:31.016Z",1.07193,1.07199
"exness","EURUSD","2023-06-06 02:09:31.047Z",1.0719400000000001,1.072
"exness","EURUSD","2023-06-06 02:09:32.040Z",1.07196,1.07201
"exness","EURUSD","2023-06-06 02:09:42.802Z",1.07196,1.07202
"exness","EURUSD","2023-06-06 02:09:50.143Z",1.07197,1.07202
"exness","EURUSD","2023-06-06 02:09:57.055Z",1.07195,1.07201
"exness","EURUSD","2023-06-06 02:09:59.480Z",1.07196,1.07201
"exness","EURUSD","2023-06-06 02:10:02.997Z",1.07196,1.07203
"exness","EURUSD","2023-06-06 02:10:05.023Z",1.07197,1.07204
"exness","EURUSD","2023-06-06 02:10:05.092Z",1.07199,1.07205
"exness","EURUSD","2023-06-06 02:10:05.118Z",1.07201,1.07207
"exness","EURUSD","2023-06-06 02:10:05.243Z",1.07202,1.07208
"exness","EURUSD","2023-06-06 02:10:05.259Z",1.07204,1.07209
"exness","EURUSD","2023-06-06 02:10:05.353Z",1.07204,1.0721
"exness","EURUSD","2023-06-06 02:10:06.212Z",1.07206,1.07212
"exness","EURUSD","2023-06-06 02:10:08.479Z",1.07208,1.07214
"exness","EURUSD","2023-06-06 02:10:08.608Z",1.0721,1.07216
"exness","EURUSD","2023-06-06 02:10:08.831Z",1.07212,1.07217
"exness","EURUSD","2023-06-06 02:10:10.224Z",1.07209,1.07215
"exness","EURUSD","2023-06-06 02:10:10.395Z",1.07208,1.07214
"exness","EURUSD","2023-06-06 02:10:12.496Z",1.07209,1.07215
"exness","EURUSD","2023-06-06 02:10:12.977Z",1.0721,1.07216
"exness","EURUSD","2023-06-06 02:10:16.256Z",1.07211,1.07218
"exness","EURUSD","2023-06-06 02:10:17.948Z",1.07213,1.07219
"exness","EURUSD","2023-06-06 02:10:17.964Z",1.07215,1.07221
"exness","EURUSD","2023-06-06 02:10:17.979Z",1.07216,1.07222
"exness","EURUSD","2023-06-06 02:10:18.036Z",1.07218,1.07224
"exness","EURUSD","2023-06-06 02:10:18.811Z",1.07218,1.07223
"exness","EURUSD","2023-06-06 02:10:23.575Z",1.07216,1.07222
"exness","EURUSD","2023-06-06 02:10:23.629Z",1.07214,1.0722
"exness","EURUSD","2023-06-06 02:10:26.116Z",1.07215,1.07221
"exness","EURUSD","2023-06-06 02:10:28.129Z",1.07217,1.07222
"exness","EURUSD","2023-06-06 02:10:32.311Z",1.07216,1.07222
"exness","EURUSD","2023-06-06 02:10:33.263Z",1.07215,1.07221
"exness","EURUSD","2023-06-06 02:10:34.499Z",1.07213,1.07219
"exness","EURUSD","2023-06-06 02:10:37.721Z",1.07213,1.07218
"exness","EURUSD","2023-06-06 02:10:41.601Z",1.07214,1.0722
"exness","EURUSD","2023-06-06 02:10:48.664Z",1.07213,1.07219
"exness","EURUSD","2023-06-06 02:10:48.976Z",1.07213,1.07218
"exness","EURUSD","2023-06-06 02:10:52.653Z",1.0721,1.07216
"exness","EURUSD","2023-06-06 02:10:52.686Z",1.07208,1.07214
"exness","EURUSD","2023-06-06 02:10:53.169Z",1.0721,1.07216
"exness","EURUSD","2023-06-06 02:10:56.186Z",1.07208,1.07213
"exness","EURUSD","2023-06-06 02:10:57.752Z",1.07209,1.07216
"exness","EURUSD","2023-06-06 02:10:57.756Z",1.07211,1.07217
"exness","EURUSD","2023-06-06 02:10:57.803Z",1.07213,1.07219
"exness","EURUSD","2023-06-06 02:10:57.861Z",1.07214,1.07221
"exness","EURUSD","2023-06-06 02:10:57.878Z",1.07216,1.07222
"exness","EURUSD","2023-06-06 02:10:57.899Z",1.07218,1.07224
"exness","EURUSD","2023-06-06 02:10:57.909Z",1.07219,1.07226
"exness","EURUSD","2023-06-06 02:10:57.923Z",1.07221,1.07227
"exness","EURUSD","2023-06-06 02:10:58.325Z",1.07223,1.07228
"exness","EURUSD","2023-06-06 02:11:01.913Z",1.07222,1.07228
"exness","EURUSD","2023-06-06 02:11:04.264Z",1.07223,1.07229
"exness","EURUSD","2023-06-06 02:11:04.410Z",1.07225,1.07231
"exness","EURUSD","2023-06-06 02:11:04.480Z",1.07226,1.07232
"exness","EURUSD","2023-06-06 02:11:05.073Z",1.07224,1.0723
"exness","EURUSD","2023-06-06 02:11:05.104Z",1.07223,1.07228
"exness","EURUSD","2023-06-06 02:11:05.293Z",1.07222,1.07228
"exness","EURUSD","2023-06-06 02:11:05.301Z",1.0722,1.07226
"exness","EURUSD","2023-06-06 02:11:05.323Z",1.07218,1.07224
"exness","EURUSD","2023-06-06 02:11:09.525Z",1.07219,1.07226
"exness","EURUSD","2023-06-06 02:11:09.798Z",1.07221,1.07227
"exness","EURUSD","2023-06-06 02:11:13.025Z",1.07222,1.07228
"exness","EURUSD","2023-06-06 02:11:13.046Z",1.0722,1.07227
"exness","EURUSD","2023-06-06 02:11:13.100Z",1.0722,1.07225
"exness","EURUSD","2023-06-06 02:11:13.115Z",1.07218,1.07224
"exness","EURUSD","2023-06-06 02:11:13.182Z",1.07216,1.07222
"exness","EURUSD","2023-06-06 02:11:14.287Z",1.07217,1.07222
"exness","EURUSD","2023-06-06 02:11:15.630Z",1.07217,1.07224
"exness","EURUSD","2023-06-06 02:11:18.686Z",1.07216,1.07222
"exness","EURUSD","2023-06-06 02:11:18.707Z",1.07214,1.0722
"exness","EURUSD","2023-06-06 02:11:18.724Z",1.07213,1.07219
"exness","EURUSD","2023-06-06 02:11:18.775Z",1.07211,1.07217
"exness","EURUSD","2023-06-06 02:11:20.795Z",1.07209,1.07216
"exness","EURUSD","2023-06-06 02:11:20.851Z",1.07208,1.07214
"exness","EURUSD","2023-06-06 02:11:22.403Z",1.07206,1.07212
"exness","EURUSD","2023-06-06 02:11:25.581Z",1.07205,1.0721
"exness","EURUSD","2023-06-06 02:11:25.605Z",1.07203,1.0721
"exness","EURUSD","2023-06-06 02:11:28.217Z",1.07202,1.07208
"exness","EURUSD","2023-06-06 02:11:42.623Z",1.07201,1.07207
"exness","EURUSD","2023-06-06 02:11:44.652Z",1.07202,1.07208
"exness","EURUSD","2023-06-06 02:11:45.825Z",1.07203,1.0721
"exness","EURUSD","2023-06-06 02:11:46.024Z",1.07205,1.07211
"exness","EURUSD","2023-06-06 02:11:47.200Z",1.07206,1.07212
"exness","EURUSD","2023-06-06 02:11:49.125Z",1.07208,1.07213
"exness","EURUSD","2023-06-06 02:11:49.161Z",1.07208,1.07214
"exness","EURUSD","2023-06-06 02:11:49.622Z",1.07207,1.07212
"exness","EURUSD","2023-06-06 02:11:58.471Z",1.07205,1.07211
"exness","EURUSD","2023-06-06 02:12:01.419Z",1.07207,1.07212
"exness","EURUSD","2023-06-06 02:12:02.879Z",1.07208,1.07214
"exness","EURUSD","2023-06-06 02:12:03.197Z",1.07209,1.07215
"exness","EURUSD","2023-06-06 02:12:05.012Z",1.0721,1.07217
"exness","EURUSD","2023-06-06 02:12:11.103Z",1.07212,1.07218
"exness","EURUSD","2023-06-06 02:12:15.801Z",1.07214,1.0722
"exness","EURUSD","2023-06-06 02:12:15.947Z",1.07216,1.07222
"exness","EURUSD","2023-06-06 02:12:17.676Z",1.07214,1.07221
"exness","EURUSD","2023-06-06 02:12:24.663Z",1.07217,1.07223
"exness","EURUSD","2023-06-06 02:12:24.731Z",1.07218,1.07224
"exness","EURUSD","2023-06-06 02:12:24.851Z",1.0722,1.07226
"exness","EURUSD","2023-06-06 02:12:24.902Z",1.07221,1.07227
"exness","EURUSD","2023-06-06 02:12:25.340Z",1.07223,1.07228
"exness","EURUSD","2023-06-06 02:12:30.076Z",1.07223,1.07229
"exness","EURUSD","2023-06-06 02:12:30.199Z",1.07225,1.07231
"exness","EURUSD","2023-06-06 02:12:30.292Z",1.07223,1.07229
"exness","EURUSD","2023-06-06 02:12:31.218Z",1.07225,1.07231
"exness","EURUSD","2023-06-06 02:12:31.354Z",1.07227,1.07232
"exness","EURUSD","2023-06-06 02:12:33.228Z",1.07227,1.07234
"exness","EURUSD","2023-06-06 02:12:33.324Z",1.07229,1.07235
"exness","EURUSD","2023-06-06 02:12:33.341Z",1.0723,1.07237
"exness","EURUSD","2023-06-06 02:12:33.465Z",1.07232,1.07237
"exness","EURUSD","2023-06-06 02:12:33.479Z",1.07233,1.07239
"exness","EURUSD","2023-06-06 02:12:33.624Z",1.07234,1.0724
"exness","EURUSD","2023-06-06 02:12:34.647Z",1.07235,1.07242
"exness","EURUSD","2023-06-06 02:12:35.687Z",1.07236,1.07243
"exness","EURUSD","2023-06-06 02:12:35.766Z",1.07235,1.07241
"exness","EURUSD","2023-06-06 02:12:37.048Z",1.07233,1.0724
"exness","EURUSD","2023-06-06 02:12:37.365Z",1.07235,1.07241
"exness","EURUSD","2023-06-06 02:12:37.628Z",1.07233,1.07239
"exness","EURUSD","2023-06-06 02:12:37.766Z",1.07233,1.0723799999999999
"exness","EURUSD","2023-06-06 02:12:38.764Z",1.07232,1.0723799999999999
"exness","EURUSD","2023-06-06 02:12:47.730Z",1.07234,1.0724
"exness","EURUSD","2023-06-06 02:12:47.800Z",1.07235,1.07242
"exness","EURUSD","2023-06-06 02:12:50.154Z",1.07236,1.07243
"exness","EURUSD","2023-06-06 02:12:53.211Z",1.0723799999999999,1.07244
"exness","EURUSD","2023-06-06 02:12:53.241Z",1.0724,1.07246
"exness","EURUSD","2023-06-06 02:12:53.306Z",1.07241,1.07247
"exness","EURUSD","2023-06-06 02:12:59.946Z",1.0724,1.07246
"exness","EURUSD","2023-06-06 02:13:01.356Z",1.07242,1.07248
"exness","EURUSD","2023-06-06 02:13:02.954Z",1.07242,1.07247
"exness","EURUSD","2023-06-06 02:13:04.255Z",1.07242,1.07248
"exness","EURUSD","2023-06-06 02:13:16.822Z",1.0724,1.07246
"exness","EURUSD","2023-06-06 02:13:16.868Z",1.0723799999999999,1.07245
"exness","EURUSD","2023-06-06 02:13:17.244Z",1.0723799999999999,1.07243
"exness","EURUSD","2023-06-06 02:13:18.243Z",1.07237,1.07243
"exness","EURUSD","2023-06-06 02:13:20.618Z",1.07235,1.07241
"exness","EURUSD","2023-06-06 02:13:20.644Z",1.07233,1.07239
"exness","EURUSD","2023-06-06 02:13:20.854Z",1.07233,1.0723799999999999
"exness","EURUSD","2023-06-06 02:13:25.491Z",1.07232,1.0723799999999999
"exness","EURUSD","2023-06-06 02:13:28.660Z",1.07233,1.07239
"exness","EURUSD","2023-06-06 02:13:28.667Z",1.07235,1.07241
"exness","EURUSD","2023-06-06 02:13:28.780Z",1.07237,1.07242
"exness","EURUSD","2023-06-06 02:13:29.902Z",1.07237,1.07243
"exness","EURUSD","2023-06-06 02:13:30.156Z",1.0723799999999999,1.07244
"exness","EURUSD","2023-06-06 02:13:30.191Z",1.0724,1.07246
"exness","EURUSD","2023-06-06 02:13:30.255Z",1.07242,1.07248
"exness","EURUSD","2023-06-06 02:13:31.509Z",1.07243,1.0725
"exness","EURUSD","2023-06-06 02:13:34.078Z",1.07242,1.07248
"exness","EURUSD","2023-06-06 02:13:35.995Z",1.07243,1.07248
"exness","EURUSD","2023-06-06 02:13:37.032Z",1.07242,1.07248
"exness","EURUSD","2023-06-06 02:13:50.818Z",1.0724,1.07246
"exness","EURUSD","2023-06-06 02:13:51.032Z",1.07239,1.07245
"exness","EURUSD","2023-06-06 02:13:51.097Z",1.07237,1.07243
"exness","EURUSD","2023-06-06 02:13:52.442Z",1.07236,1.07242
"exness","EURUSD","2023-06-06 02:14:00.872Z",1.07237,1.07244
"exness","EURUSD","2023-06-06 02:14:00.896Z",1.07239,1.07244
"exness","EURUSD","2023-06-06 02:14:01.300Z",1.07239,1.07246
"exness","EURUSD","2023-06-06 02:14:01.318Z",1.07241,1.07247
"exness","EURUSD","2023-06-06 02:14:02.670Z",1.07242,1.07247
"exness","EURUSD","2023-06-06 02:14:03.046Z",1.0724,1.07247
"exness","EURUSD","2023-06-06 02:14:03.262Z",1.0724,1.07245
"exness","EURUSD","2023-06-06 02:14:06.834Z",1.0724,1.07246
"exness","EURUSD","2023-06-06 02:14:07.215Z",1.07239,1.07245
"exness","EURUSD","2023-06-06 02:14:07.242Z",1.0724,1.07245
"exness","EURUSD","2023-06-06 02:14:11.797Z",1.07241,1.07247
"exness","EURUSD","2023-06-06 02:14:16.425Z",1.0723799999999999,1.07245
"exness","EURUSD","2023-06-06 02:14:16.509Z",1.07237,1.07243
"exness","EURUSD","2023-06-06 02:14:24.688Z",1.07235,1.07241
"exness","EURUSD","2023-06-06 02:14:25.481Z",1.07237,1.07242
"exness","EURUSD","2023-06-06 02:14:25.580Z",1.07237,1.07243
"exness","EURUSD","2023-06-06 02:14:34.665Z",1.07239,1.07244
"exness","EURUSD","2023-06-06 02:14:35.201Z",1.07237,1.07243
"exness","EURUSD","2023-06-06 02:14:35.225Z",1.07235,1.07241
"exness","EURUSD","2023-06-06 02:14:35.250Z",1.07234,1.0724
"exness","EURUSD","2023-06-06 02:14:35.451Z",1.07235,1.07241
"exness","EURUSD","2023-06-06 02:14:36.501Z",1.07237,1.07242
"exness","EURUSD","2023-06-06 02:14:38.802Z",1.07235,1.07241
"exness","EURUSD","2023-06-06 02:14:44.631Z",1.07233,1.0724
"exness","EURUSD","2023-06-06 02:14:47.487Z",1.07235,1.07241
"exness","EURUSD","2023-06-06 02:14:47.500Z",1.07236,1.07242
"exness","EURUSD","2023-06-06 02:14:47.598Z",1.0723799999999999,1.07244
"exness","EURUSD","2023-06-06 02:14:52.869Z",1.07239,1.07245
"exness","EURUSD","2023-06-06 02:14:52.879Z",1.0724,1.07247
"exness","EURUSD","2023-06-06 02:14:52.906Z",1.07242,1.07248
"exness","EURUSD","2023-06-06 02:14:53.176Z",1.07241,1.07247
"exness","EURUSD","2023-06-06 02:14:53.643Z",1.07242,1.07249
"exness","EURUSD","2023-06-06 02:14:57.050Z",1.07243,1.0725
"exness","EURUSD","2023-06-06 02:14:59.201Z",1.07242,1.07248
"exness","EURUSD","2023-06-06 02:15:06.727Z",1.07243,1.07248
"exness","EURUSD","2023-06-06 02:15:13.725Z",1.07244,1.0725
"exness","EURUSD","2023-06-06 02:15:13.763Z",1.07242,1.07249
"exness","EURUSD","2023-06-06 02:15:13.767Z",1.07241,1.07247
"exness","EURUSD","2023-06-06 02:15:13.794Z",1.07239,1.07245
"exness","EURUSD","2023-06-06 02:15:15.255Z",1.07241,1.07247
"exness","EURUSD","2023-06-06 02:15:16.268Z",1.07239,1.07246
"exness","EURUSD","2023-06-06 02:15:18.936Z",1.0723799999999999,1.07244
"exness","EURUSD","2023-06-06 02:15:24.278Z",1.07235,1.07242
"exness","EURUSD","2023-06-06 02:15:24.307Z",1.07235,1.0724
"exness","EURUSD","2023-06-06 02:15:24.424Z",1.07234,1.07239
"exness","EURUSD","2023-06-06 02:15:24.460Z",1.07232,1.0723799999999999
"exness","EURUSD","2023-06-06 02:15:24.982Z",1.07232,1.07237
"exness","EURUSD","2023-06-06 02:15:28.915Z",1.07229,1.07235
"exness","EURUSD","2023-06-06 02:15:29.007Z",1.07228,1.07234
"exness","EURUSD","2023-06-06 02:15:29.697Z",1.07229,1.07236
"exness","EURUSD","2023-06-06 02:15:29.757Z",1.07231,1.07236
"exness","EURUSD","2023-06-06 02:15:32.064Z",1.07232,1.0723799999999999
"exness","EURUSD","2023-06-06 02:15:32.262Z",1.07233,1.0723799999999999
"exness","EURUSD","2023-06-06 02:15:35.516Z",1.07234,1.0724
"exness","EURUSD","2023-06-06 02:15:36.504Z",1.07236,1.07242
"exness","EURUSD","2023-06-06 02:15:41.513Z",1.07234,1.0724
"exness","EURUSD","2023-06-06 02:15:52.208Z",1.07233,1.07239
"exness","EURUSD","2023-06-06 02:15:53.645Z",1.07231,1.07237
"exness","EURUSD","2023-06-06 02:15:53.678Z",1.07229,1.07235
"exness","EURUSD","2023-06-06 02:15:53.693Z",1.07228,1.07234
"exness","EURUSD","2023-06-06 02:15:55.117Z",1.07226,1.07232
"exness","EURUSD","2023-06-06 02:15:59.698Z",1.07228,1.07234
"exness","EURUSD","2023-06-06 02:15:59.893Z",1.07227,1.07233
"exness","EURUSD","2023-06-06 02:16:10.872Z",1.07224,1.07231
"exness","EURUSD","2023-06-06 02:16:11.779Z",1.07226,1.07232
"exness","EURUSD","2023-06-06 02:16:13.993Z",1.07227,1.07232
"exness","EURUSD","2023-06-06 02:16:25.499Z",1.07225,1.07231
"exness","EURUSD","2023-06-06 02:16:25.533Z",1.07223,1.07229
"exness","EURUSD","2023-06-06 02:16:26.595Z",1.07224,1.0723
"exness","EURUSD","2023-06-06 02:16:31.414Z",1.07223,1.07229
"exness","EURUSD","2023-06-06 02:16:32.171Z",1.07222,1.07227
"exness","EURUSD","2023-06-06 02:16:33.656Z",1.0722,1.07226
"exness","EURUSD","2023-06-06 02:16:33.719Z",1.07219,1.07224
"exness","EURUSD","2023-06-06 02:16:33.743Z",1.07218,1.07224
"exness","EURUSD","2023-06-06 02:16:34.039Z",1.07217,1.07222
"exness","EURUSD","2023-06-06 02:16:41.007Z",1.07216,1.07222
"exness","EURUSD","2023-06-06 02:16:46.283Z",1.07218,1.07224
"exness","EURUSD","2023-06-06 02:16:46.362Z",1.07219,1.07226
"exness","EURUSD","2023-06-06 02:16:49.627Z",1.07221,1.07226
"exness","EURUSD","2023-06-06 02:16:51.816Z",1.07221,1.07227
"exness","EURUSD","2023-06-06 02:16:56.498Z",1.07219,1.07225
"exness","EURUSD","2023-06-06 02:16:57.650Z",1.07217,1.07223
"exness","EURUSD","2023-06-06 02:17:02.435Z",1.07217,1.07222
"exness","EURUSD","2023-06-06 02:17:06.214Z",1.07215,1.07221
"exness","EURUSD","2023-06-06 02:17:08.345Z",1.07217,1.07223
"exness","EURUSD","2023-06-06 02:17:09.695Z",1.07218,1.07224
"exness","EURUSD","2023-06-06 02:17:09.868Z",1.07219,1.07225
"exness","EURUSD","2023-06-06 02:17:20.853Z",1.07221,1.07226
"exness","EURUSD","2023-06-06 02:17:23.518Z",1.07221,1.07227
"exness","EURUSD","2023-06-06 02:17:30.261Z",1.0722,1.07226
"exness","EURUSD","2023-06-06 02:17:30.409Z",1.07218,1.07224
"exness","EURUSD","2023-06-06 02:17:31.118Z",1.07217,1.07222
"exness","EURUSD","2023-06-06 02:17:41.400Z",1.07216,1.07222
"exness","EURUSD","2023-06-06 02:17:56.903Z",1.07214,1.0722
"exness","EURUSD","2023-06-06 02:17:56.923Z",1.07213,1.07219
"exness","EURUSD","2023-06-06 02:17:57.223Z",1.07211,1.07217
"exness","EURUSD","2023-06-06 02:18:01.025Z",1.0721,1.07216
"exness","EURUSD","2023-06-06 02:18:04.067Z",1.0721,1.07215
"exness","EURUSD","2023-06-06 02:18:12.252Z",1.0721,1.07216
"exness","EURUSD","2023-06-06 02:18:27.312Z",1.07212,1.07217
"exness","EURUSD","2023-06-06 02:18:41.053Z",1.07213,1.07219
"exness","EURUSD","2023-06-06 02:18:46.494Z",1.07212,1.07217
"exness","EURUSD","2023-06-06 02:18:54.602Z",1.07211,1.07217
"exness","EURUSD","2023-06-06 02:19:02.202Z",1.07213,1.07219
"exness","EURUSD","2023-06-06 02:19:03.083Z",1.07214,1.0722
"exness","EURUSD","2023-06-06 02:19:04.053Z",1.07216,1.07221
"exness","EURUSD","2023-06-06 02:19:08.598Z",1.07215,1.07222
"exness","EURUSD","2023-06-06 02:19:08.894Z",1.07217,1.07223
"exness","EURUSD","2023-06-06 02:19:08.976Z",1.07219,1.07224
"exness","EURUSD","2023-06-06 02:19:10.966Z",1.07219,1.07225
"exness","EURUSD","2023-06-06 02:19:20.537Z",1.07218,1.07224
"exness","EURUSD","2023-06-06 02:19:20.547Z",1.07216,1.07223
"exness","EURUSD","2023-06-06 02:19:20.605Z",1.07215,1.07221
"exness","EURUSD","2023-06-06 02:19:20.802Z",1.07215,1.0722
"exness","EURUSD","2023-06-06 02:19:20.828Z",1.07213,1.07219
"exness","EURUSD","2023-06-06 02:19:21.113Z",1.07213,1.07218
"exness","EURUSD","2023-06-06 02:19:23.630Z",1.07211,1.07218
"exness","EURUSD","2023-06-06 02:19:26.669Z",1.07214,1.0722
"exness","EURUSD","2023-06-06 02:19:28.934Z",1.07215,1.07222
"exness","EURUSD","2023-06-06 02:19:31.852Z",1.07216,1.07221
"exness","EURUSD","2023-06-06 02:19:37.935Z",1.07215,1.07221
"exness","EURUSD","2023-06-06 02:19:38.416Z",1.07214,1.07219
"exness","EURUSD","2023-06-06 02:19:38.435Z",1.07213,1.07219
"exness","EURUSD","2023-06-06 02:19:43.696Z",1.07213,1.07218
"exness","EURUSD","2023-06-06 02:19:52.531Z",1.07211,1.07218
"exness","EURUSD","2023-06-06 02:19:59.181Z",1.07214,1.0722
"exness","EURUSD","2023-06-06 02:19:59.927Z",1.07212,1.07218
"exness","EURUSD","2023-06-06 02:19:59.941Z",1.0721,1.07217
"exness","EURUSD","2023-06-06 02:20:00.107Z",1.07209,1.07215
"exness","EURUSD","2023-06-06 02:20:06.089Z",1.0721,1.07216
"exness","EURUSD","2023-06-06 02:20:09.185Z",1.07208,1.07214
"exness","EURUSD","2023-06-06 02:20:09.194Z",1.07207,1.07213
"exness","EURUSD","2023-06-06 02:20:09.205Z",1.07205,1.07211
"exness","EURUSD","2023-06-06 02:20:09.240Z",1.07203,1.0721
"exness","EURUSD","2023-06-06 02:20:09.253Z",1.07203,1.07208
"exness","EURUSD","2023-06-06 02:20:09.260Z",1.07201,1.07207
"exness","EURUSD","2023-06-06 02:20:09.337Z",1.072,1.07206
"exness","EURUSD","2023-06-06 02:20:09.367Z",1.07198,1.07204
"exness","EURUSD","2023-06-06 02:20:10.404Z",1.07199,1.07206
"exness","EURUSD","2023-06-06 02:20:11.315Z",1.07198,1.07204
"exness","EURUSD","2023-06-06 02:20:11.426Z",1.072,1.07205
"exness","EURUSD","2023-06-06 02:20:11.772Z",1.07201,1.07206
"exness","EURUSD","2023-06-06 02:20:12.634Z",1.07201,1.07207
"exness","EURUSD","2023-06-06 02:20:26.226Z",1.07203,1.07209
"exness","EURUSD","2023-06-06 02:20:26.256Z",1.07205,1.07211
"exness","EURUSD","2023-06-06 02:20:26.332Z",1.07206,1.07212
"exness","EURUSD","2023-06-06 02:20:32.999Z",1.07205,1.07211
"exness","EURUSD","2023-06-06 02:20:33.041Z",1.07203,1.0721
"exness","EURUSD","2023-06-06 02:20:34.007Z",1.07202,1.07208
"exness","EURUSD","2023-06-06 02:20:35.033Z",1.07201,1.07207
"exness","EURUSD","2023-06-06 02:20:55.818Z",1.07202,1.07208
"exness","EURUSD","2023-06-06 02:21:09.697Z",1.07204,1.0721
"exness","EURUSD","2023-06-06 02:21:09.844Z",1.07205,1.07211
"exness","EURUSD","2023-06-06 02:21:12.782Z",1.07203,1.07209
"exness","EURUSD","2023-06-06 02:21:12.796Z",1.07201,1.07208
"exness","EURUSD","2023-06-06 02:21:15.330Z",1.072,1.07206
"exness","EURUSD","2023-06-06 02:21:15.350Z",1.07198,1.07204
"exness","EURUSD","2023-06-06 02:21:15.370Z",1.07197,1.07203
"exness","EURUSD","2023-06-06 02:21:15.891Z",1.07196,1.07201
"exness","EURUSD","2023-06-06 02:21:18.093Z",1.07198,1.07204
"exness","EURUSD","2023-06-06 02:21:23.197Z",1.07199,1.07205
"exness","EURUSD","2023-06-06 02:21:24.043Z",1.07201,1.07207
"exness","EURUSD","2023-06-06 02:21:27.349Z",1.07198,1.07205
"exness","EURUSD","2023-06-06 02:21:27.858Z",1.07198,1.07203
"exness","EURUSD","2023-06-06 02:21:27.873Z",1.07199,1.07205
"exness","EURUSD","2023-06-06 02:21:27.925Z",1.07197,1.07203
"exness","EURUSD","2023-06-06 02:21:33.703Z",1.07197,1.07202
"exness","EURUSD","2023-06-06 02:21:48.632Z",1.0719400000000001,1.07201
"exness","EURUSD","2023-06-06 02:21:48.655Z",1.07193,1.07199
"exness","EURUSD","2023-06-06 02:21:53.130Z",1.07192,1.07198
"exness","EURUSD","2023-06-06 02:21:54.008Z",1.0719,1.07196
"exness","EURUSD","2023-06-06 02:21:54.513Z",1.07189,1.0719400000000001
"exness","EURUSD","2023-06-06 02:22:02.434Z",1.0719,1.07196
"exness","EURUSD","2023-06-06 02:22:14.984Z",1.07191,1.07198
"exness","EURUSD","2023-06-06 02:22:18.104Z",1.07193,1.07198
"exness","EURUSD","2023-06-06 02:22:22.902Z",1.07193,1.07199
"exness","EURUSD","2023-06-06 02:22:24.469Z",1.07195,1.07201
"exness","EURUSD","2023-06-06 02:22:24.658Z",1.07196,1.07203
"exness","EURUSD","2023-06-06 02:22:40.870Z",1.07196,1.07201
"exness","EURUSD","2023-06-06 02:22:44.407Z",1.07197,1.07203
"exness","EURUSD","2023-06-06 02:22:44.441Z",1.07198,1.07205
"exness","EURUSD","2023-06-06 02:22:45.149Z",1.072,1.07206
"exness","EURUSD","2023-06-06 02:22:47.575Z",1.07202,1.07207
"exness","EURUSD","2023-06-06 02:22:49.090Z",1.07201,1.07207
"exness","EURUSD","2023-06-06 02:22:50.172Z",1.07199,1.07205
"exness","EURUSD","2023-06-06 02:22:50.180Z",1.07198,1.07204
"exness","EURUSD","2023-06-06 02:22:50.197Z",1.07196,1.07202
"exness","EURUSD","2023-06-06 02:23:06.124Z",1.07198,1.07204
"exness","EURUSD","2023-06-06 02:23:09.200Z",1.07199,1.07205
"exness","EURUSD","2023-06-06 02:23:10.543Z",1.072,1.07205
"exness","EURUSD","2023-06-06 02:23:10.735Z",1.07201,1.07207
"exness","EURUSD","2023-06-06 02:23:36.393Z",1.07199,1.07205
"exness","EURUSD","2023-06-06 02:23:36.676Z",1.07198,1.07203
"exness","EURUSD","2023-06-06 02:23:44.267Z",1.07196,1.07203
"exness","EURUSD","2023-06-06 02:23:47.495Z",1.07197,1.07202
"exness","EURUSD","2023-06-06 02:23:52.177Z",1.07198,1.07204
"exness","EURUSD","2023-06-06 02:23:52.236Z",1.07199,1.07204
"exness","EURUSD","2023-06-06 02:23:53.467Z",1.07197,1.07204
"exness","EURUSD","2023-06-06 02:23:56.431Z",1.07196,1.07203
"exness","EURUSD","2023-06-06 02:24:02.508Z",1.07199,1.07204
"exness","EURUSD","2023-06-06 02:24:02.681Z",1.072,1.07206
"exness","EURUSD","2023-06-06 02:24:05.730Z",1.07201,1.07207
"exness","EURUSD","2023-06-06 02:24:22.542Z",1.07199,1.07205
"exness","EURUSD","2023-06-06 02:24:27.141Z",1.07201,1.07207
"exness","EURUSD","2023-06-06 02:24:29.558Z",1.072,1.07205
"exness","EURUSD","2023-06-06 02:24:35.464Z",1.07199,1.07206
"exness","EURUSD","2023-06-06 02:24:35.888Z",1.07198,1.07204
"exness","EURUSD","2023-06-06 02:24:36.960Z",1.07197,1.07203
"exness","EURUSD","2023-06-06 02:24:53.145Z",1.07198,1.07204
"exness","EURUSD","2023-06-06 02:25:02.854Z",1.07197,1.07203
"exness","EURUSD","2023-06-06 02:25:11.333Z",1.07195,1.07201
"exness","EURUSD","2023-06-06 02:25:11.342Z",1.0719400000000001,1.072
"exness","EURUSD","2023-06-06 02:25:11.347Z",1.07192,1.07198
"exness","EURUSD","2023-06-06 02:25:28.490Z",1.07193,1.07199
"exness","EURUSD","2023-06-06 02:25:28.504Z",1.07195,1.07201
"exness","EURUSD","2023-06-06 02:25:30.669Z",1.07196,1.07201
"exness","EURUSD","2023-06-06 02:25:31.782Z",1.07195,1.07201
"exness","EURUSD","2023-06-06 02:25:31.816Z",1.07193,1.07199
"exness","EURUSD","2023-06-06 02:25:36.040Z",1.07193,1.07198
"exness","EURUSD","2023-06-06 02:25:49.188Z",1.07192,1.07198
"exness","EURUSD","2023-06-06 02:25:56.243Z",1.0719,1.07196
"exness","EURUSD","2023-06-06 02:25:56.258Z",1.07189,1.07195
"exness","EURUSD","2023-06-06 02:25:57.441Z",1.07188,1.0719400000000001
"exness","EURUSD","2023-06-06 02:26:06.761Z",1.07186,1.07193
"exness","EURUSD","2023-06-06 02:26:20.611Z",1.07185,1.07191
"exness","EURUSD","2023-06-06 02:26:21.909Z",1.07183,1.0719
"exness","EURUSD","2023-06-06 02:26:22.923Z",1.07185,1.07191
"exness","EURUSD","2023-06-06 02:26:26.658Z",1.07186,1.07191
"exness","EURUSD","2023-06-06 02:26:32.805Z",1.07187,1.07193
"exness","EURUSD","2023-06-06 02:26:45.910Z",1.07188,1.07195
"exness","EURUSD","2023-06-06 02:26:53.527Z",1.0719,1.07196
"exness","EURUSD","2023-06-06 02:26:56.267Z",1.07191,1.07198
"exness","EURUSD","2023-06-06 02:27:00.410Z",1.07193,1.07199
"exness","EURUSD","2023-06-06 02:27:00.969Z",1.0719400000000001,1.07199
"exness","EURUSD","2023-06-06 02:27:05.466Z",1.07193,1.07199
"exness","EURUSD","2023-06-06 02:27:06.554Z",1.0719400000000001,1.07199
"exness","EURUSD","2023-06-06 02:27:08.154Z",1.07192,1.07198
"exness","EURUSD","2023-06-06 02:27:11.865Z",1.07192,1.07197
"exness","EURUSD","2023-06-06 02:27:14.270Z",1.07192,1.07198
"exness","EURUSD","2023-06-06 02:27:28.427Z",1.0719,1.07196
"exness","EURUSD","2023-06-06 02:27:29.060Z",1.07189,1.0719400000000001
"exness","EURUSD","2023-06-06 02:27:29.175Z",1.07187,1.0719400000000001
"exness","EURUSD","2023-06-06 02:27:50.955Z",1.07189,1.07195
"exness","EURUSD","2023-06-06 02:27:51.008Z",1.0719,1.07196
"exness","EURUSD","2023-06-06 02:27:51.339Z",1.07192,1.07197
"exness","EURUSD","2023-06-06 02:27:52.412Z",1.07191,1.07197
"exness","EURUSD","2023-06-06 02:27:59.842Z",1.07189,1.07195
"exness","EURUSD","2023-06-06 02:28:00.079Z",1.07191,1.07197
"exness","EURUSD","2023-06-06 02:28:12.722Z",1.07192,1.07197
"exness","EURUSD","2023-06-06 02:28:15.487Z",1.07193,1.07199
"exness","EURUSD","2023-06-06 02:28:15.518Z",1.0719400000000001,1.072
"exness","EURUSD","2023-06-06 02:28:15.772Z",1.07196,1.07201
"exness","EURUSD","2023-06-06 02:28:17.156Z",1.0719400000000001,1.07201
"exness","EURUSD","2023-06-06 02:28:19.463Z",1.07193,1.072
"exness","EURUSD","2023-06-06 02:28:24.257Z",1.07193,1.07198
"exness","EURUSD","2023-06-06 02:28:25.783Z",1.07193,1.07199
"exness","EURUSD","2023-06-06 02:28:51.448Z",1.07195,1.07201
"exness","EURUSD","2023-06-06 02:28:53.776Z",1.07196,1.07202
"exness","EURUSD","2023-06-06 02:28:58.936Z",1.07195,1.07201
"exness","EURUSD","2023-06-06 02:28:59.945Z",1.0719400000000001,1.072
"exness","EURUSD","2023-06-06 02:29:01.382Z",1.07196,1.07202
"exness","EURUSD","2023-06-06 02:29:04.855Z",1.07197,1.07202
"exness","EURUSD","2023-06-06 02:29:12.290Z",1.07198,1.07204
"exness","EURUSD","2023-06-06 02:29:13.795Z",1.07197,1.07202
"exness","EURUSD","2023-06-06 02:29:24.921Z",1.07196,1.07202
"exness","EURUSD","2023-06-06 02:29:52.729Z",1.07198,1.07203
