"Exness","Symbol","Timestamp","Bid","Ask"
"exness","XAUUSD","2023-06-19 00:00:00.999Z",1957.112,1957.237
"exness","XAUUSD","2023-06-19 00:00:02.362Z",1957.117,1957.242
"exness","XAUUSD","2023-06-19 00:00:04.306Z",1957.124,1957.249
"exness","XAUUSD","2023-06-19 00:00:05.050Z",1957.155,1957.28
"exness","XAUUSD","2023-06-19 00:00:06.053Z",1957.157,1957.282
"exness","XAUUSD","2023-06-19 00:00:07.063Z",1957.153,1957.278
"exness","XAUUSD","2023-06-19 00:00:08.377Z",1957.149,1957.274
"exness","XAUUSD","2023-06-19 00:00:09.826Z",1957.153,1957.278
"exness","XAUUSD","2023-06-19 00:00:10.333Z",1957.185,1957.31
"exness","XAUUSD","2023-06-19 00:00:10.489Z",1957.222,1957.347
"exness","XAUUSD","2023-06-19 00:00:12.009Z",1957.239,1957.364
"exness","XAUUSD","2023-06-19 00:00:13.148Z",1957.237,1957.362
"exness","XAUUSD","2023-06-19 00:00:13.593Z",1957.2,1957.325
"exness","XAUUSD","2023-06-19 00:00:13.638Z",1957.168,1957.293
"exness","XAUUSD","2023-06-19 00:00:14.144Z",1957.205,1957.33
"exness","XAUUSD","2023-06-19 00:00:14.194Z",1957.236,1957.361
"exness","XAUUSD","2023-06-19 00:00:15.475Z",1957.248,1957.373
"exness","XAUUSD","2023-06-19 00:00:18.882Z",1957.243,1957.368
"exness","XAUUSD","2023-06-19 00:00:19.932Z",1957.271,1957.396
"exness","XAUUSD","2023-06-19 00:00:21.012Z",1957.273,1957.398
"exness","XAUUSD","2023-06-19 00:00:21.044Z",1957.242,1957.367
"exness","XAUUSD","2023-06-19 00:00:22.313Z",1957.23,1957.355
"exness","XAUUSD","2023-06-19 00:00:22.806Z",1957.196,1957.321
"exness","XAUUSD","2023-06-19 00:00:22.845Z",1957.163,1957.288
"exness","XAUUSD","2023-06-19 00:00:23.907Z",1957.139,1957.264
"exness","XAUUSD","2023-06-19 00:00:24.948Z",1957.165,1957.29
"exness","XAUUSD","2023-06-19 00:00:26.021Z",1957.171,1957.296
"exness","XAUUSD","2023-06-19 00:00:29.441Z",1957.176,1957.301
"exness","XAUUSD","2023-06-19 00:00:30.442Z",1957.182,1957.307
"exness","XAUUSD","2023-06-19 00:00:30.724Z",1957.212,1957.337
"exness","XAUUSD","2023-06-19 00:00:31.737Z",1957.219,1957.344
"exness","XAUUSD","2023-06-19 00:00:33.525Z",1957.245,1957.37
"exness","XAUUSD","2023-06-19 00:00:34.592Z",1957.251,1957.376
"exness","XAUUSD","2023-06-19 00:00:36.275Z",1957.25,1957.375
"exness","XAUUSD","2023-06-19 00:00:37.270Z",1957.255,1957.38
"exness","XAUUSD","2023-06-19 00:00:38.241Z",1957.194,1957.319
"exness","XAUUSD","2023-06-19 00:00:38.286Z",1957.163,1957.288
"exness","XAUUSD","2023-06-19 00:00:40.103Z",1957.176,1957.301
"exness","XAUUSD","2023-06-19 00:00:40.141Z",1957.142,1957.267
"exness","XAUUSD","2023-06-19 00:00:41.223Z",1957.151,1957.276
"exness","XAUUSD","2023-06-19 00:00:41.234Z",1957.107,1957.232
"exness","XAUUSD","2023-06-19 00:00:41.266Z",1957.069,1957.194
"exness","XAUUSD","2023-06-19 00:00:42.276Z",1957.078,1957.203
"exness","XAUUSD","2023-06-19 00:00:42.314Z",1957.045,1957.17
"exness","XAUUSD","2023-06-19 00:00:42.375Z",1957.008,1957.133
"exness","XAUUSD","2023-06-19 00:00:42.406Z",1956.976,1957.101
"exness","XAUUSD","2023-06-19 00:00:42.761Z",1957.012,1957.137
"exness","XAUUSD","2023-06-19 00:00:43.825Z",1957.038,1957.163
"exness","XAUUSD","2023-06-19 00:00:46.256Z",1957.059,1957.184
"exness","XAUUSD","2023-06-19 00:00:46.287Z",1957.095,1957.22
"exness","XAUUSD","2023-06-19 00:00:48.532Z",1957.108,1957.233
"exness","XAUUSD","2023-06-19 00:00:49.616Z",1957.088,1957.213
"exness","XAUUSD","2023-06-19 00:00:51.697Z",1957.086,1957.211
"exness","XAUUSD","2023-06-19 00:00:51.837Z",1957.118,1957.243
"exness","XAUUSD","2023-06-19 00:00:53.008Z",1957.144,1957.269
"exness","XAUUSD","2023-06-19 00:00:55.896Z",1957.126,1957.251
"exness","XAUUSD","2023-06-19 00:00:55.904Z",1957.095,1957.22
"exness","XAUUSD","2023-06-19 00:00:57.086Z",1957.081,1957.206
"exness","XAUUSD","2023-06-19 00:00:58.198Z",1957.108,1957.233
"exness","XAUUSD","2023-06-19 00:00:58.471Z",1957.139,1957.264
"exness","XAUUSD","2023-06-19 00:00:59.988Z",1957.141,1957.266
"exness","XAUUSD","2023-06-19 00:01:01.044Z",1957.129,1957.254
"exness","XAUUSD","2023-06-19 00:01:01.073Z",1957.092,1957.217
"exness","XAUUSD","2023-06-19 00:01:01.575Z",1957.061,1957.186
"exness","XAUUSD","2023-06-19 00:01:02.757Z",1957.054,1957.179
"exness","XAUUSD","2023-06-19 00:01:03.495Z",1957.022,1957.147
"exness","XAUUSD","2023-06-19 00:01:04.222Z",1957.053,1957.178
"exness","XAUUSD","2023-06-19 00:01:04.245Z",1957.095,1957.22
"exness","XAUUSD","2023-06-19 00:01:04.287Z",1957.127,1957.252
"exness","XAUUSD","2023-06-19 00:01:05.297Z",1957.124,1957.249
"exness","XAUUSD","2023-06-19 00:01:05.844Z",1957.089,1957.214
"exness","XAUUSD","2023-06-19 00:01:07.491Z",1957.08,1957.205
"exness","XAUUSD","2023-06-19 00:01:09.148Z",1957.082,1957.207
"exness","XAUUSD","2023-06-19 00:01:10.566Z",1957.079,1957.204
"exness","XAUUSD","2023-06-19 00:01:12.775Z",1957.078,1957.203
"exness","XAUUSD","2023-06-19 00:01:12.804Z",1957.11,1957.235
"exness","XAUUSD","2023-06-19 00:01:12.834Z",1957.141,1957.266
"exness","XAUUSD","2023-06-19 00:01:14.035Z",1957.132,1957.257
"exness","XAUUSD","2023-06-19 00:01:15.508Z",1957.127,1957.252
"exness","XAUUSD","2023-06-19 00:01:15.519Z",1957.094,1957.219
"exness","XAUUSD","2023-06-19 00:01:17.527Z",1957.082,1957.207
"exness","XAUUSD","2023-06-19 00:01:19.613Z",1957.081,1957.206
"exness","XAUUSD","2023-06-19 00:01:23.798Z",1957.077,1957.202
"exness","XAUUSD","2023-06-19 00:01:26.057Z",1957.076,1957.201
"exness","XAUUSD","2023-06-19 00:01:28.616Z",1957.074,1957.199
"exness","XAUUSD","2023-06-19 00:01:30.552Z",1957.075,1957.2
"exness","XAUUSD","2023-06-19 00:01:30.914Z",1957.111,1957.236
"exness","XAUUSD","2023-06-19 00:01:31.561Z",1957.076,1957.201
"exness","XAUUSD","2023-06-19 00:01:32.610Z",1957.081,1957.206
"exness","XAUUSD","2023-06-19 00:01:33.628Z",1957.083,1957.208
"exness","XAUUSD","2023-06-19 00:01:34.114Z",1957.117,1957.242
"exness","XAUUSD","2023-06-19 00:01:34.660Z",1957.151,1957.276
"exness","XAUUSD","2023-06-19 00:01:35.705Z",1957.125,1957.25
"exness","XAUUSD","2023-06-19 00:01:37.583Z",1957.09,1957.215
"exness","XAUUSD","2023-06-19 00:01:42.577Z",1957.075,1957.2
"exness","XAUUSD","2023-06-19 00:01:43.839Z",1957.078,1957.203
"exness","XAUUSD","2023-06-19 00:01:45.959Z",1957.073,1957.198
"exness","XAUUSD","2023-06-19 00:01:48.046Z",1957.064,1957.189
"exness","XAUUSD","2023-06-19 00:01:48.054Z",1957.032,1957.157
"exness","XAUUSD","2023-06-19 00:01:48.067Z",1956.992,1957.117
"exness","XAUUSD","2023-06-19 00:01:49.205Z",1956.989,1957.114
"exness","XAUUSD","2023-06-19 00:01:49.941Z",1957.02,1957.145
"exness","XAUUSD","2023-06-19 00:01:51.115Z",1957.033,1957.158
"exness","XAUUSD","2023-06-19 00:01:52.430Z",1957.034,1957.159
"exness","XAUUSD","2023-06-19 00:01:53.528Z",1957.048,1957.173
"exness","XAUUSD","2023-06-19 00:01:55.614Z",1957.039,1957.164
"exness","XAUUSD","2023-06-19 00:01:57.510Z",1957.038,1957.163
"exness","XAUUSD","2023-06-19 00:02:00.213Z",1957.037,1957.162
"exness","XAUUSD","2023-06-19 00:02:00.776Z",1957.002,1957.127
"exness","XAUUSD","2023-06-19 00:02:01.876Z",1956.98,1957.105
"exness","XAUUSD","2023-06-19 00:02:02.241Z",1957.01,1957.135
"exness","XAUUSD","2023-06-19 00:02:02.251Z",1956.969,1957.094
"exness","XAUUSD","2023-06-19 00:02:02.319Z",1956.934,1957.059
"exness","XAUUSD","2023-06-19 00:02:03.360Z",1956.926,1957.051
"exness","XAUUSD","2023-06-19 00:02:03.551Z",1956.896,1957.021
"exness","XAUUSD","2023-06-19 00:02:04.648Z",1956.916,1957.041
"exness","XAUUSD","2023-06-19 00:02:05.655Z",1956.917,1957.042
"exness","XAUUSD","2023-06-19 00:02:07.077Z",1956.928,1957.053
"exness","XAUUSD","2023-06-19 00:02:07.337Z",1956.89,1957.015
"exness","XAUUSD","2023-06-19 00:02:08.353Z",1956.879,1957.004
"exness","XAUUSD","2023-06-19 00:02:08.405Z",1956.845,1956.97
"exness","XAUUSD","2023-06-19 00:02:09.608Z",1956.841,1956.966
"exness","XAUUSD","2023-06-19 00:02:09.642Z",1956.872,1956.997
"exness","XAUUSD","2023-06-19 00:02:09.652Z",1956.904,1957.029
"exness","XAUUSD","2023-06-19 00:02:10.098Z",1956.943,1957.068
"exness","XAUUSD","2023-06-19 00:02:11.214Z",1956.95,1957.075
"exness","XAUUSD","2023-06-19 00:02:11.463Z",1956.983,1957.108
"exness","XAUUSD","2023-06-19 00:02:11.474Z",1957.026,1957.151
"exness","XAUUSD","2023-06-19 00:02:11.514Z",1957.059,1957.184
"exness","XAUUSD","2023-06-19 00:02:12.577Z",1957.07,1957.195
"exness","XAUUSD","2023-06-19 00:02:13.856Z",1957.077,1957.202
"exness","XAUUSD","2023-06-19 00:02:13.922Z",1957.114,1957.239
"exness","XAUUSD","2023-06-19 00:02:14.793Z",1957.145,1957.27
"exness","XAUUSD","2023-06-19 00:02:14.818Z",1957.178,1957.303
"exness","XAUUSD","2023-06-19 00:02:14.828Z",1957.209,1957.334
"exness","XAUUSD","2023-06-19 00:02:14.861Z",1957.243,1957.368
"exness","XAUUSD","2023-06-19 00:02:16.001Z",1957.253,1957.378
"exness","XAUUSD","2023-06-19 00:02:17.010Z",1957.227,1957.352
"exness","XAUUSD","2023-06-19 00:02:17.687Z",1957.258,1957.383
"exness","XAUUSD","2023-06-19 00:02:17.702Z",1957.288,1957.413
"exness","XAUUSD","2023-06-19 00:02:17.709Z",1957.318,1957.443
"exness","XAUUSD","2023-06-19 00:02:18.469Z",1957.349,1957.474
"exness","XAUUSD","2023-06-19 00:02:20.012Z",1957.365,1957.49
"exness","XAUUSD","2023-06-19 00:02:21.847Z",1957.374,1957.499
"exness","XAUUSD","2023-06-19 00:02:22.010Z",1957.408,1957.533
"exness","XAUUSD","2023-06-19 00:02:23.137Z",1957.414,1957.539
"exness","XAUUSD","2023-06-19 00:02:24.192Z",1957.418,1957.543
"exness","XAUUSD","2023-06-19 00:02:26.083Z",1957.421,1957.546
"exness","XAUUSD","2023-06-19 00:02:26.108Z",1957.459,1957.584
"exness","XAUUSD","2023-06-19 00:02:27.719Z",1957.478,1957.603
"exness","XAUUSD","2023-06-19 00:02:29.052Z",1957.512,1957.637
"exness","XAUUSD","2023-06-19 00:02:30.115Z",1957.521,1957.646
"exness","XAUUSD","2023-06-19 00:02:31.191Z",1957.525,1957.65
"exness","XAUUSD","2023-06-19 00:02:33.409Z",1957.489,1957.614
"exness","XAUUSD","2023-06-19 00:02:33.432Z",1957.459,1957.584
"exness","XAUUSD","2023-06-19 00:02:34.825Z",1957.457,1957.582
"exness","XAUUSD","2023-06-19 00:02:36.589Z",1957.476,1957.601
"exness","XAUUSD","2023-06-19 00:02:37.931Z",1957.464,1957.589
"exness","XAUUSD","2023-06-19 00:02:38.014Z",1957.432,1957.557
"exness","XAUUSD","2023-06-19 00:02:38.084Z",1957.376,1957.501
"exness","XAUUSD","2023-06-19 00:02:38.153Z",1957.345,1957.47
"exness","XAUUSD","2023-06-19 00:02:38.166Z",1957.315,1957.44
"exness","XAUUSD","2023-06-19 00:02:38.182Z",1957.281,1957.406
"exness","XAUUSD","2023-06-19 00:02:38.773Z",1957.311,1957.436
"exness","XAUUSD","2023-06-19 00:02:40.354Z",1957.317,1957.442
"exness","XAUUSD","2023-06-19 00:02:40.372Z",1957.284,1957.409
"exness","XAUUSD","2023-06-19 00:02:41.340Z",1957.321,1957.446
"exness","XAUUSD","2023-06-19 00:02:41.355Z",1957.356,1957.481
"exness","XAUUSD","2023-06-19 00:02:41.376Z",1957.389,1957.514
"exness","XAUUSD","2023-06-19 00:02:41.459Z",1957.42,1957.545
"exness","XAUUSD","2023-06-19 00:02:42.304Z",1957.389,1957.514
"exness","XAUUSD","2023-06-19 00:02:42.584Z",1957.353,1957.478
"exness","XAUUSD","2023-06-19 00:02:43.197Z",1957.322,1957.447
"exness","XAUUSD","2023-06-19 00:02:44.208Z",1957.356,1957.481
"exness","XAUUSD","2023-06-19 00:02:45.603Z",1957.358,1957.483
"exness","XAUUSD","2023-06-19 00:02:46.673Z",1957.366,1957.491
"exness","XAUUSD","2023-06-19 00:02:47.781Z",1957.363,1957.488
"exness","XAUUSD","2023-06-19 00:02:47.853Z",1957.396,1957.521
"exness","XAUUSD","2023-06-19 00:02:49.013Z",1957.411,1957.536
"exness","XAUUSD","2023-06-19 00:02:50.082Z",1957.419,1957.544
"exness","XAUUSD","2023-06-19 00:02:52.953Z",1957.421,1957.546
"exness","XAUUSD","2023-06-19 00:02:53.584Z",1957.457,1957.582
"exness","XAUUSD","2023-06-19 00:02:53.604Z",1957.489,1957.614
"exness","XAUUSD","2023-06-19 00:02:54.606Z",1957.506,1957.631
"exness","XAUUSD","2023-06-19 00:02:55.636Z",1957.505,1957.63
"exness","XAUUSD","2023-06-19 00:02:59.460Z",1957.469,1957.594
"exness","XAUUSD","2023-06-19 00:03:00.146Z",1957.502,1957.627
"exness","XAUUSD","2023-06-19 00:03:01.684Z",1957.513,1957.638
"exness","XAUUSD","2023-06-19 00:03:02.408Z",1957.549,1957.674
"exness","XAUUSD","2023-06-19 00:03:02.513Z",1957.585,1957.71
"exness","XAUUSD","2023-06-19 00:03:03.595Z",1957.607,1957.732
"exness","XAUUSD","2023-06-19 00:03:03.612Z",1957.566,1957.691
"exness","XAUUSD","2023-06-19 00:03:03.619Z",1957.534,1957.659
"exness","XAUUSD","2023-06-19 00:03:06.006Z",1957.565,1957.69
"exness","XAUUSD","2023-06-19 00:03:06.073Z",1957.568,1957.693
"exness","XAUUSD","2023-06-19 00:03:08.136Z",1957.567,1957.692
"exness","XAUUSD","2023-06-19 00:03:09.352Z",1957.546,1957.671
"exness","XAUUSD","2023-06-19 00:03:09.642Z",1957.509,1957.634
"exness","XAUUSD","2023-06-19 00:03:09.651Z",1957.472,1957.597
"exness","XAUUSD","2023-06-19 00:03:09.966Z",1957.503,1957.628
"exness","XAUUSD","2023-06-19 00:03:10.142Z",1957.459,1957.584
"exness","XAUUSD","2023-06-19 00:03:10.151Z",1957.423,1957.548
"exness","XAUUSD","2023-06-19 00:03:10.168Z",1957.391,1957.516
"exness","XAUUSD","2023-06-19 00:03:10.200Z",1957.352,1957.477
"exness","XAUUSD","2023-06-19 00:03:10.872Z",1957.39,1957.515
"exness","XAUUSD","2023-06-19 00:03:11.976Z",1957.407,1957.532
"exness","XAUUSD","2023-06-19 00:03:13.258Z",1957.409,1957.534
"exness","XAUUSD","2023-06-19 00:03:16.133Z",1957.408,1957.533
"exness","XAUUSD","2023-06-19 00:03:17.025Z",1957.377,1957.502
"exness","XAUUSD","2023-06-19 00:03:18.322Z",1957.371,1957.496
"exness","XAUUSD","2023-06-19 00:03:22.800Z",1957.37,1957.495
"exness","XAUUSD","2023-06-19 00:03:23.986Z",1957.369,1957.494
"exness","XAUUSD","2023-06-19 00:03:24.203Z",1957.402,1957.527
"exness","XAUUSD","2023-06-19 00:03:24.546Z",1957.433,1957.558
"exness","XAUUSD","2023-06-19 00:03:26.009Z",1957.458,1957.583
"exness","XAUUSD","2023-06-19 00:03:27.032Z",1957.49,1957.615
"exness","XAUUSD","2023-06-19 00:03:27.121Z",1957.523,1957.648
"exness","XAUUSD","2023-06-19 00:03:27.138Z",1957.565,1957.69
"exness","XAUUSD","2023-06-19 00:03:27.204Z",1957.602,1957.727
"exness","XAUUSD","2023-06-19 00:03:27.370Z",1957.632,1957.757
"exness","XAUUSD","2023-06-19 00:03:27.767Z",1957.599,1957.724
"exness","XAUUSD","2023-06-19 00:03:27.806Z",1957.567,1957.692
"exness","XAUUSD","2023-06-19 00:03:29.008Z",1957.564,1957.689
"exness","XAUUSD","2023-06-19 00:03:29.097Z",1957.595,1957.72
"exness","XAUUSD","2023-06-19 00:03:31.759Z",1957.603,1957.728
"exness","XAUUSD","2023-06-19 00:03:33.122Z",1957.606,1957.731
"exness","XAUUSD","2023-06-19 00:03:33.136Z",1957.564,1957.689
"exness","XAUUSD","2023-06-19 00:03:33.144Z",1957.533,1957.658
"exness","XAUUSD","2023-06-19 00:03:34.344Z",1957.556,1957.681
"exness","XAUUSD","2023-06-19 00:03:36.244Z",1957.561,1957.686
"exness","XAUUSD","2023-06-19 00:03:36.287Z",1957.594,1957.719
"exness","XAUUSD","2023-06-19 00:03:37.332Z",1957.601,1957.726
"exness","XAUUSD","2023-06-19 00:03:38.597Z",1957.603,1957.728
"exness","XAUUSD","2023-06-19 00:03:42.443Z",1957.605,1957.73
"exness","XAUUSD","2023-06-19 00:03:42.457Z",1957.568,1957.693
"exness","XAUUSD","2023-06-19 00:03:42.478Z",1957.538,1957.663
"exness","XAUUSD","2023-06-19 00:03:42.486Z",1957.507,1957.632
"exness","XAUUSD","2023-06-19 00:03:42.496Z",1957.47,1957.595
"exness","XAUUSD","2023-06-19 00:03:44.208Z",1957.5,1957.625
"exness","XAUUSD","2023-06-19 00:03:44.227Z",1957.469,1957.594
"exness","XAUUSD","2023-06-19 00:03:47.197Z",1957.466,1957.591
"exness","XAUUSD","2023-06-19 00:03:48.514Z",1957.471,1957.596
"exness","XAUUSD","2023-06-19 00:03:50.718Z",1957.472,1957.597
"exness","XAUUSD","2023-06-19 00:03:51.791Z",1957.469,1957.594
"exness","XAUUSD","2023-06-19 00:03:52.122Z",1957.506,1957.631
"exness","XAUUSD","2023-06-19 00:03:52.192Z",1957.537,1957.662
"exness","XAUUSD","2023-06-19 00:03:52.224Z",1957.583,1957.708
"exness","XAUUSD","2023-06-19 00:03:53.226Z",1957.571,1957.696
"exness","XAUUSD","2023-06-19 00:03:53.876Z",1957.54,1957.665
"exness","XAUUSD","2023-06-19 00:03:53.894Z",1957.506,1957.631
"exness","XAUUSD","2023-06-19 00:03:53.904Z",1957.475,1957.6
"exness","XAUUSD","2023-06-19 00:03:54.063Z",1957.512,1957.637
"exness","XAUUSD","2023-06-19 00:03:54.105Z",1957.55,1957.675
"exness","XAUUSD","2023-06-19 00:03:56.867Z",1957.559,1957.684
"exness","XAUUSD","2023-06-19 00:03:56.918Z",1957.529,1957.654
"exness","XAUUSD","2023-06-19 00:03:57.916Z",1957.541,1957.666
"exness","XAUUSD","2023-06-19 00:03:59.273Z",1957.524,1957.649
"exness","XAUUSD","2023-06-19 00:04:00.304Z",1957.516,1957.641
"exness","XAUUSD","2023-06-19 00:04:01.371Z",1957.519,1957.644
"exness","XAUUSD","2023-06-19 00:04:01.629Z",1957.551,1957.676
"exness","XAUUSD","2023-06-19 00:04:03.266Z",1957.531,1957.656
"exness","XAUUSD","2023-06-19 00:04:03.740Z",1957.562,1957.687
"exness","XAUUSD","2023-06-19 00:04:03.783Z",1957.593,1957.718
"exness","XAUUSD","2023-06-19 00:04:04.826Z",1957.6,1957.725
"exness","XAUUSD","2023-06-19 00:04:06.204Z",1957.604,1957.729
"exness","XAUUSD","2023-06-19 00:04:06.232Z",1957.572,1957.697
"exness","XAUUSD","2023-06-19 00:04:06.239Z",1957.541,1957.666
"exness","XAUUSD","2023-06-19 00:04:06.248Z",1957.51,1957.635
"exness","XAUUSD","2023-06-19 00:04:07.460Z",1957.514,1957.639
"exness","XAUUSD","2023-06-19 00:04:08.026Z",1957.478,1957.603
"exness","XAUUSD","2023-06-19 00:04:09.088Z",1957.501,1957.626
"exness","XAUUSD","2023-06-19 00:04:09.110Z",1957.465,1957.59
"exness","XAUUSD","2023-06-19 00:04:10.112Z",1957.459,1957.584
"exness","XAUUSD","2023-06-19 00:04:10.123Z",1957.417,1957.542
"exness","XAUUSD","2023-06-19 00:04:10.131Z",1957.384,1957.509
"exness","XAUUSD","2023-06-19 00:04:11.475Z",1957.372,1957.497
"exness","XAUUSD","2023-06-19 00:04:11.573Z",1957.403,1957.528
"exness","XAUUSD","2023-06-19 00:04:14.544Z",1957.411,1957.536
"exness","XAUUSD","2023-06-19 00:04:14.767Z",1957.374,1957.499
"exness","XAUUSD","2023-06-19 00:04:16.349Z",1957.365,1957.49
"exness","XAUUSD","2023-06-19 00:04:17.863Z",1957.366,1957.491
"exness","XAUUSD","2023-06-19 00:04:18.960Z",1957.346,1957.471
"exness","XAUUSD","2023-06-19 00:04:21.337Z",1957.341,1957.466
"exness","XAUUSD","2023-06-19 00:04:22.507Z",1957.317,1957.442
"exness","XAUUSD","2023-06-19 00:04:26.246Z",1957.315,1957.44
"exness","XAUUSD","2023-06-19 00:04:27.469Z",1957.321,1957.446
"exness","XAUUSD","2023-06-19 00:04:27.560Z",1957.352,1957.477
"exness","XAUUSD","2023-06-19 00:04:29.248Z",1957.357,1957.482
"exness","XAUUSD","2023-06-19 00:04:29.725Z",1957.398,1957.523
"exness","XAUUSD","2023-06-19 00:04:31.010Z",1957.418,1957.543
"exness","XAUUSD","2023-06-19 00:04:35.172Z",1957.416,1957.541
"exness","XAUUSD","2023-06-19 00:04:37.864Z",1957.417,1957.542
"exness","XAUUSD","2023-06-19 00:04:37.875Z",1957.448,1957.573
"exness","XAUUSD","2023-06-19 00:04:37.889Z",1957.483,1957.608
"exness","XAUUSD","2023-06-19 00:04:38.043Z",1957.521,1957.646
"exness","XAUUSD","2023-06-19 00:04:38.064Z",1957.556,1957.681
"exness","XAUUSD","2023-06-19 00:04:38.976Z",1957.519,1957.644
"exness","XAUUSD","2023-06-19 00:04:38.986Z",1957.488,1957.613
"exness","XAUUSD","2023-06-19 00:04:39.363Z",1957.522,1957.647
"exness","XAUUSD","2023-06-19 00:04:39.369Z",1957.556,1957.681
"exness","XAUUSD","2023-06-19 00:04:39.949Z",1957.526,1957.651
"exness","XAUUSD","2023-06-19 00:04:42.453Z",1957.507,1957.632
"exness","XAUUSD","2023-06-19 00:04:44.617Z",1957.508,1957.633
"exness","XAUUSD","2023-06-19 00:04:46.348Z",1957.507,1957.632
"exness","XAUUSD","2023-06-19 00:04:47.748Z",1957.503,1957.628
"exness","XAUUSD","2023-06-19 00:04:49.399Z",1957.486,1957.611
"exness","XAUUSD","2023-06-19 00:04:50.449Z",1957.488,1957.613
"exness","XAUUSD","2023-06-19 00:04:51.897Z",1957.49,1957.615
"exness","XAUUSD","2023-06-19 00:04:53.249Z",1957.488,1957.613
"exness","XAUUSD","2023-06-19 00:04:54.408Z",1957.485,1957.61
"exness","XAUUSD","2023-06-19 00:04:55.515Z",1957.473,1957.598
"exness","XAUUSD","2023-06-19 00:04:56.408Z",1957.505,1957.63
"exness","XAUUSD","2023-06-19 00:04:57.008Z",1957.54,1957.665
"exness","XAUUSD","2023-06-19 00:04:57.224Z",1957.501,1957.626
"exness","XAUUSD","2023-06-19 00:05:00.057Z",1957.507,1957.632
"exness","XAUUSD","2023-06-19 00:05:01.411Z",1957.506,1957.631
"exness","XAUUSD","2023-06-19 00:05:03.975Z",1957.503,1957.628
"exness","XAUUSD","2023-06-19 00:05:05.398Z",1957.505,1957.63
"exness","XAUUSD","2023-06-19 00:05:07.746Z",1957.504,1957.629
"exness","XAUUSD","2023-06-19 00:05:09.234Z",1957.539,1957.664
"exness","XAUUSD","2023-06-19 00:05:09.515Z",1957.571,1957.696
"exness","XAUUSD","2023-06-19 00:05:10.525Z",1957.582,1957.707
"exness","XAUUSD","2023-06-19 00:05:11.936Z",1957.586,1957.711
"exness","XAUUSD","2023-06-19 00:05:12.330Z",1957.554,1957.679
"exness","XAUUSD","2023-06-19 00:05:13.651Z",1957.549,1957.674
"exness","XAUUSD","2023-06-19 00:05:15.753Z",1957.55,1957.675
"exness","XAUUSD","2023-06-19 00:05:15.777Z",1957.589,1957.714
"exness","XAUUSD","2023-06-19 00:05:19.218Z",1957.575,1957.7
"exness","XAUUSD","2023-06-19 00:05:19.652Z",1957.606,1957.731
"exness","XAUUSD","2023-06-19 00:05:20.157Z",1957.572,1957.697
"exness","XAUUSD","2023-06-19 00:05:20.346Z",1957.603,1957.728
"exness","XAUUSD","2023-06-19 00:05:23.222Z",1957.622,1957.747
"exness","XAUUSD","2023-06-19 00:05:24.279Z",1957.625,1957.75
"exness","XAUUSD","2023-06-19 00:05:24.716Z",1957.656,1957.781
"exness","XAUUSD","2023-06-19 00:05:24.741Z",1957.691,1957.816
"exness","XAUUSD","2023-06-19 00:05:24.891Z",1957.726,1957.851
"exness","XAUUSD","2023-06-19 00:05:26.010Z",1957.743,1957.868
"exness","XAUUSD","2023-06-19 00:05:28.137Z",1957.745,1957.87
"exness","XAUUSD","2023-06-19 00:05:29.918Z",1957.735,1957.86
"exness","XAUUSD","2023-06-19 00:05:30.324Z",1957.695,1957.82
"exness","XAUUSD","2023-06-19 00:05:30.335Z",1957.663,1957.788
"exness","XAUUSD","2023-06-19 00:05:32.009Z",1957.669,1957.794
"exness","XAUUSD","2023-06-19 00:05:33.334Z",1957.67,1957.795
"exness","XAUUSD","2023-06-19 00:05:34.537Z",1957.668,1957.793
"exness","XAUUSD","2023-06-19 00:05:34.558Z",1957.701,1957.826
"exness","XAUUSD","2023-06-19 00:05:34.583Z",1957.731,1957.856
"exness","XAUUSD","2023-06-19 00:05:36.008Z",1957.744,1957.869
"exness","XAUUSD","2023-06-19 00:05:37.839Z",1957.748,1957.873
"exness","XAUUSD","2023-06-19 00:05:39.417Z",1957.751,1957.876
"exness","XAUUSD","2023-06-19 00:05:41.884Z",1957.747,1957.872
"exness","XAUUSD","2023-06-19 00:05:43.839Z",1957.749,1957.874
"exness","XAUUSD","2023-06-19 00:05:46.220Z",1957.75,1957.875
"exness","XAUUSD","2023-06-19 00:05:47.397Z",1957.773,1957.898
"exness","XAUUSD","2023-06-19 00:05:47.607Z",1957.804,1957.929
"exness","XAUUSD","2023-06-19 00:05:47.896Z",1957.835,1957.96
"exness","XAUUSD","2023-06-19 00:05:48.444Z",1957.867,1957.992
"exness","XAUUSD","2023-06-19 00:05:48.475Z",1957.903,1958.028
"exness","XAUUSD","2023-06-19 00:05:50.015Z",1957.93,1958.055
"exness","XAUUSD","2023-06-19 00:05:51.339Z",1957.933,1958.058
"exness","XAUUSD","2023-06-19 00:05:52.306Z",1957.971,1958.096
"exness","XAUUSD","2023-06-19 00:05:52.322Z",1958.005,1958.13
"exness","XAUUSD","2023-06-19 00:05:52.368Z",1958.041,1958.166
"exness","XAUUSD","2023-06-19 00:05:53.599Z",1958.048,1958.173
"exness","XAUUSD","2023-06-19 00:05:55.606Z",1958.068,1958.193
"exness","XAUUSD","2023-06-19 00:05:57.722Z",1958.055,1958.18
"exness","XAUUSD","2023-06-19 00:05:58.975Z",1958.094,1958.219
"exness","XAUUSD","2023-06-19 00:05:59.425Z",1958.061,1958.186
"exness","XAUUSD","2023-06-19 00:06:00.737Z",1958.072,1958.197
"exness","XAUUSD","2023-06-19 00:06:01.775Z",1958.102,1958.227
"exness","XAUUSD","2023-06-19 00:06:01.782Z",1958.072,1958.197
"exness","XAUUSD","2023-06-19 00:06:02.879Z",1958.065,1958.19
"exness","XAUUSD","2023-06-19 00:06:03.825Z",1958.097,1958.222
"exness","XAUUSD","2023-06-19 00:06:04.046Z",1958.06,1958.185
"exness","XAUUSD","2023-06-19 00:06:04.174Z",1958.03,1958.155
"exness","XAUUSD","2023-06-19 00:06:04.184Z",1957.995,1958.12
"exness","XAUUSD","2023-06-19 00:06:04.195Z",1957.962,1958.087
"exness","XAUUSD","2023-06-19 00:06:04.203Z",1957.929,1958.054
"exness","XAUUSD","2023-06-19 00:06:05.327Z",1957.925,1958.05
"exness","XAUUSD","2023-06-19 00:06:06.634Z",1957.928,1958.053
"exness","XAUUSD","2023-06-19 00:06:06.663Z",1957.959,1958.084
"exness","XAUUSD","2023-06-19 00:06:06.810Z",1957.994,1958.119
"exness","XAUUSD","2023-06-19 00:06:07.925Z",1958.02,1958.145
"exness","XAUUSD","2023-06-19 00:06:09.505Z",1958.024,1958.149
"exness","XAUUSD","2023-06-19 00:06:09.526Z",1958.063,1958.188
"exness","XAUUSD","2023-06-19 00:06:09.542Z",1958.093,1958.218
"exness","XAUUSD","2023-06-19 00:06:09.650Z",1958.062,1958.187
"exness","XAUUSD","2023-06-19 00:06:11.274Z",1958.038,1958.163
"exness","XAUUSD","2023-06-19 00:06:12.265Z",1958.036,1958.161
"exness","XAUUSD","2023-06-19 00:06:13.652Z",1958.037,1958.162
"exness","XAUUSD","2023-06-19 00:06:14.763Z",1958.038,1958.163
"exness","XAUUSD","2023-06-19 00:06:15.084Z",1958.007,1958.132
"exness","XAUUSD","2023-06-19 00:06:15.091Z",1957.97,1958.095
"exness","XAUUSD","2023-06-19 00:06:15.102Z",1957.935,1958.06
"exness","XAUUSD","2023-06-19 00:06:16.259Z",1957.928,1958.053
"exness","XAUUSD","2023-06-19 00:06:19.856Z",1957.963,1958.088
"exness","XAUUSD","2023-06-19 00:06:21.189Z",1957.978,1958.103
"exness","XAUUSD","2023-06-19 00:06:22.514Z",1957.98,1958.105
"exness","XAUUSD","2023-06-19 00:06:26.056Z",1957.982,1958.107
"exness","XAUUSD","2023-06-19 00:06:29.443Z",1957.951,1958.076
"exness","XAUUSD","2023-06-19 00:06:30.448Z",1957.948,1958.073
"exness","XAUUSD","2023-06-19 00:06:31.518Z",1957.94,1958.065
"exness","XAUUSD","2023-06-19 00:06:33.664Z",1957.969,1958.094
"exness","XAUUSD","2023-06-19 00:06:35.051Z",1957.974,1958.099
"exness","XAUUSD","2023-06-19 00:06:36.072Z",1957.973,1958.098
"exness","XAUUSD","2023-06-19 00:06:36.375Z",1957.942,1958.067
"exness","XAUUSD","2023-06-19 00:06:37.528Z",1957.932,1958.057
"exness","XAUUSD","2023-06-19 00:06:38.791Z",1957.93,1958.055
"exness","XAUUSD","2023-06-19 00:06:39.111Z",1957.898,1958.023
"exness","XAUUSD","2023-06-19 00:06:39.120Z",1957.865,1957.99
"exness","XAUUSD","2023-06-19 00:06:39.131Z",1957.834,1957.959
"exness","XAUUSD","2023-06-19 00:06:40.190Z",1957.836,1957.961
"exness","XAUUSD","2023-06-19 00:06:43.576Z",1957.87,1957.995
"exness","XAUUSD","2023-06-19 00:06:43.625Z",1957.904,1958.029
"exness","XAUUSD","2023-06-19 00:06:44.655Z",1957.923,1958.048
"exness","XAUUSD","2023-06-19 00:06:45.344Z",1957.891,1958.016
"exness","XAUUSD","2023-06-19 00:06:46.498Z",1957.88,1958.005
"exness","XAUUSD","2023-06-19 00:06:47.514Z",1957.883,1958.008
"exness","XAUUSD","2023-06-19 00:06:47.545Z",1957.916,1958.041
"exness","XAUUSD","2023-06-19 00:06:50.025Z",1957.935,1958.06
"exness","XAUUSD","2023-06-19 00:06:51.036Z",1957.933,1958.058
"exness","XAUUSD","2023-06-19 00:06:51.058Z",1957.897,1958.022
"exness","XAUUSD","2023-06-19 00:06:51.099Z",1957.867,1957.992
"exness","XAUUSD","2023-06-19 00:06:51.885Z",1957.836,1957.961
"exness","XAUUSD","2023-06-19 00:06:53.010Z",1957.826,1957.951
"exness","XAUUSD","2023-06-19 00:06:53.060Z",1957.787,1957.912
"exness","XAUUSD","2023-06-19 00:06:54.643Z",1957.772,1957.897
"exness","XAUUSD","2023-06-19 00:06:55.301Z",1957.741,1957.866
"exness","XAUUSD","2023-06-19 00:06:56.544Z",1957.74,1957.865
"exness","XAUUSD","2023-06-19 00:06:59.337Z",1957.739,1957.864
"exness","XAUUSD","2023-06-19 00:07:00.358Z",1957.742,1957.867
"exness","XAUUSD","2023-06-19 00:07:01.827Z",1957.774,1957.899
"exness","XAUUSD","2023-06-19 00:07:01.850Z",1957.815,1957.94
"exness","XAUUSD","2023-06-19 00:07:03.007Z",1957.835,1957.96
"exness","XAUUSD","2023-06-19 00:07:05.021Z",1957.843,1957.968
"exness","XAUUSD","2023-06-19 00:07:05.909Z",1957.805,1957.93
"exness","XAUUSD","2023-06-19 00:07:07.010Z",1957.788,1957.913
"exness","XAUUSD","2023-06-19 00:07:09.430Z",1957.785,1957.91
"exness","XAUUSD","2023-06-19 00:07:11.045Z",1957.787,1957.912
"exness","XAUUSD","2023-06-19 00:07:11.075Z",1957.819,1957.944
"exness","XAUUSD","2023-06-19 00:07:11.093Z",1957.787,1957.912
"exness","XAUUSD","2023-06-19 00:07:13.510Z",1957.783,1957.908
"exness","XAUUSD","2023-06-19 00:07:14.831Z",1957.785,1957.91
"exness","XAUUSD","2023-06-19 00:07:14.851Z",1957.817,1957.942
"exness","XAUUSD","2023-06-19 00:07:15.756Z",1957.783,1957.908
"exness","XAUUSD","2023-06-19 00:07:15.790Z",1957.749,1957.874
"exness","XAUUSD","2023-06-19 00:07:16.452Z",1957.714,1957.839
"exness","XAUUSD","2023-06-19 00:07:18.126Z",1957.733,1957.858
"exness","XAUUSD","2023-06-19 00:07:19.676Z",1957.736,1957.861
"exness","XAUUSD","2023-06-19 00:07:21.285Z",1957.734,1957.859
"exness","XAUUSD","2023-06-19 00:07:22.469Z",1957.733,1957.858
"exness","XAUUSD","2023-06-19 00:07:23.992Z",1957.738,1957.863
"exness","XAUUSD","2023-06-19 00:07:24.037Z",1957.777,1957.902
"exness","XAUUSD","2023-06-19 00:07:24.069Z",1957.811,1957.936
"exness","XAUUSD","2023-06-19 00:07:25.697Z",1957.832,1957.957
"exness","XAUUSD","2023-06-19 00:07:28.698Z",1957.841,1957.966
"exness","XAUUSD","2023-06-19 00:07:29.130Z",1957.872,1957.997
"exness","XAUUSD","2023-06-19 00:07:30.184Z",1957.851,1957.976
"exness","XAUUSD","2023-06-19 00:07:30.325Z",1957.883,1958.008
"exness","XAUUSD","2023-06-19 00:07:30.358Z",1957.92,1958.045
"exness","XAUUSD","2023-06-19 00:07:30.395Z",1957.956,1958.081
"exness","XAUUSD","2023-06-19 00:07:31.894Z",1957.977,1958.102
"exness","XAUUSD","2023-06-19 00:07:36.177Z",1957.98,1958.105
"exness","XAUUSD","2023-06-19 00:07:36.217Z",1957.946,1958.071
"exness","XAUUSD","2023-06-19 00:07:37.701Z",1957.938,1958.063
"exness","XAUUSD","2023-06-19 00:07:40.319Z",1957.939,1958.064
"exness","XAUUSD","2023-06-19 00:07:41.460Z",1957.937,1958.062
"exness","XAUUSD","2023-06-19 00:07:42.275Z",1957.97,1958.095
"exness","XAUUSD","2023-06-19 00:07:44.548Z",1957.977,1958.102
"exness","XAUUSD","2023-06-19 00:07:45.932Z",1957.96,1958.085
"exness","XAUUSD","2023-06-19 00:07:51.206Z",1957.959,1958.084
"exness","XAUUSD","2023-06-19 00:07:52.244Z",1957.979,1958.104
"exness","XAUUSD","2023-06-19 00:07:52.260Z",1958.013,1958.138
"exness","XAUUSD","2023-06-19 00:07:54.589Z",1958.032,1958.157
"exness","XAUUSD","2023-06-19 00:07:55.863Z",1958.031,1958.156
"exness","XAUUSD","2023-06-19 00:07:56.017Z",1958,1958.125
"exness","XAUUSD","2023-06-19 00:07:57.388Z",1957.985,1958.11
"exness","XAUUSD","2023-06-19 00:07:58.778Z",1958.018,1958.143
"exness","XAUUSD","2023-06-19 00:07:59.942Z",1958.024,1958.149
"exness","XAUUSD","2023-06-19 00:08:00.949Z",1958.025,1958.15
"exness","XAUUSD","2023-06-19 00:08:03.059Z",1958.029,1958.154
"exness","XAUUSD","2023-06-19 00:08:04.211Z",1958.03,1958.155
"exness","XAUUSD","2023-06-19 00:08:05.389Z",1958.041,1958.166
"exness","XAUUSD","2023-06-19 00:08:06.595Z",1958.039,1958.164
"exness","XAUUSD","2023-06-19 00:08:06.621Z",1958.075,1958.2
"exness","XAUUSD","2023-06-19 00:08:07.683Z",1958.088,1958.213
"exness","XAUUSD","2023-06-19 00:08:09.858Z",1958.089,1958.214
"exness","XAUUSD","2023-06-19 00:08:10.911Z",1958.076,1958.201
"exness","XAUUSD","2023-06-19 00:08:11.099Z",1958.112,1958.237
"exness","XAUUSD","2023-06-19 00:08:11.987Z",1958.143,1958.268
"exness","XAUUSD","2023-06-19 00:08:11.999Z",1958.174,1958.299
"exness","XAUUSD","2023-06-19 00:08:12.021Z",1958.204,1958.329
"exness","XAUUSD","2023-06-19 00:08:12.431Z",1958.237,1958.362
"exness","XAUUSD","2023-06-19 00:08:12.471Z",1958.268,1958.393
"exness","XAUUSD","2023-06-19 00:08:13.669Z",1958.276,1958.401
"exness","XAUUSD","2023-06-19 00:08:14.768Z",1958.277,1958.402
"exness","XAUUSD","2023-06-19 00:08:15.776Z",1958.279,1958.404
"exness","XAUUSD","2023-06-19 00:08:16.518Z",1958.317,1958.442
"exness","XAUUSD","2023-06-19 00:08:17.717Z",1958.326,1958.451
"exness","XAUUSD","2023-06-19 00:08:20.154Z",1958.331,1958.456
"exness","XAUUSD","2023-06-19 00:08:20.181Z",1958.294,1958.419
"exness","XAUUSD","2023-06-19 00:08:20.196Z",1958.257,1958.382
"exness","XAUUSD","2023-06-19 00:08:22.008Z",1958.277,1958.402
"exness","XAUUSD","2023-06-19 00:08:23.296Z",1958.246,1958.371
"exness","XAUUSD","2023-06-19 00:08:25.553Z",1958.239,1958.364
"exness","XAUUSD","2023-06-19 00:08:26.573Z",1958.234,1958.359
"exness","XAUUSD","2023-06-19 00:08:26.594Z",1958.203,1958.328
"exness","XAUUSD","2023-06-19 00:08:27.720Z",1958.194,1958.319
"exness","XAUUSD","2023-06-19 00:08:27.740Z",1958.224,1958.349
"exness","XAUUSD","2023-06-19 00:08:29.394Z",1958.232,1958.357
"exness","XAUUSD","2023-06-19 00:08:29.464Z",1958.2,1958.325
"exness","XAUUSD","2023-06-19 00:08:30.975Z",1958.19,1958.315
"exness","XAUUSD","2023-06-19 00:08:32.565Z",1958.192,1958.317
"exness","XAUUSD","2023-06-19 00:08:34.152Z",1958.193,1958.318
"exness","XAUUSD","2023-06-19 00:08:34.228Z",1958.161,1958.286
"exness","XAUUSD","2023-06-19 00:08:35.868Z",1958.147,1958.272
"exness","XAUUSD","2023-06-19 00:08:36.815Z",1958.101,1958.226
"exness","XAUUSD","2023-06-19 00:08:36.829Z",1958.071,1958.196
"exness","XAUUSD","2023-06-19 00:08:38.025Z",1958.065,1958.19
"exness","XAUUSD","2023-06-19 00:08:39.066Z",1958.064,1958.189
"exness","XAUUSD","2023-06-19 00:08:40.547Z",1958.045,1958.17
"exness","XAUUSD","2023-06-19 00:08:41.836Z",1958.06,1958.185
"exness","XAUUSD","2023-06-19 00:08:43.599Z",1958.049,1958.174
"exness","XAUUSD","2023-06-19 00:08:44.228Z",1958.081,1958.206
"exness","XAUUSD","2023-06-19 00:08:45.825Z",1958.088,1958.213
"exness","XAUUSD","2023-06-19 00:08:48.170Z",1958.089,1958.214
"exness","XAUUSD","2023-06-19 00:08:49.533Z",1958.09,1958.215
"exness","XAUUSD","2023-06-19 00:08:50.074Z",1958.05,1958.175
"exness","XAUUSD","2023-06-19 00:08:50.100Z",1958.018,1958.143
"exness","XAUUSD","2023-06-19 00:08:51.473Z",1958.033,1958.158
"exness","XAUUSD","2023-06-19 00:08:52.963Z",1958.058,1958.183
"exness","XAUUSD","2023-06-19 00:08:55.429Z",1958.049,1958.174
"exness","XAUUSD","2023-06-19 00:08:56.507Z",1958.04,1958.165
"exness","XAUUSD","2023-06-19 00:08:57.119Z",1958.009,1958.134
"exness","XAUUSD","2023-06-19 00:08:57.130Z",1957.971,1958.096
"exness","XAUUSD","2023-06-19 00:08:58.217Z",1957.941,1958.066
"exness","XAUUSD","2023-06-19 00:08:59.508Z",1957.939,1958.064
"exness","XAUUSD","2023-06-19 00:09:01.307Z",1957.935,1958.06
"exness","XAUUSD","2023-06-19 00:09:03.227Z",1957.934,1958.059
"exness","XAUUSD","2023-06-19 00:09:04.789Z",1957.943,1958.068
"exness","XAUUSD","2023-06-19 00:09:08.349Z",1957.939,1958.064
"exness","XAUUSD","2023-06-19 00:09:09.410Z",1957.938,1958.063
"exness","XAUUSD","2023-06-19 00:09:10.474Z",1957.936,1958.061
"exness","XAUUSD","2023-06-19 00:09:11.354Z",1957.968,1958.093
"exness","XAUUSD","2023-06-19 00:09:12.666Z",1957.985,1958.11
"exness","XAUUSD","2023-06-19 00:09:15.045Z",1957.943,1958.068
"exness","XAUUSD","2023-06-19 00:09:15.062Z",1957.91,1958.035
"exness","XAUUSD","2023-06-19 00:09:15.190Z",1957.873,1957.998
"exness","XAUUSD","2023-06-19 00:09:16.204Z",1957.863,1957.988
"exness","XAUUSD","2023-06-19 00:09:16.537Z",1957.824,1957.949
"exness","XAUUSD","2023-06-19 00:09:18.009Z",1957.837,1957.962
"exness","XAUUSD","2023-06-19 00:09:19.545Z",1957.805,1957.93
"exness","XAUUSD","2023-06-19 00:09:21.670Z",1957.803,1957.928
"exness","XAUUSD","2023-06-19 00:09:23.678Z",1957.797,1957.922
"exness","XAUUSD","2023-06-19 00:09:24.793Z",1957.798,1957.923
"exness","XAUUSD","2023-06-19 00:09:26.454Z",1957.8,1957.925
"exness","XAUUSD","2023-06-19 00:09:26.918Z",1957.832,1957.957
"exness","XAUUSD","2023-06-19 00:09:28.009Z",1957.808,1957.933
"exness","XAUUSD","2023-06-19 00:09:29.119Z",1957.835,1957.96
"exness","XAUUSD","2023-06-19 00:09:29.308Z",1957.866,1957.991
"exness","XAUUSD","2023-06-19 00:09:30.914Z",1957.89,1958.015
"exness","XAUUSD","2023-06-19 00:09:32.144Z",1957.895,1958.02
"exness","XAUUSD","2023-06-19 00:09:34.096Z",1957.898,1958.023
"exness","XAUUSD","2023-06-19 00:09:35.208Z",1957.902,1958.027
"exness","XAUUSD","2023-06-19 00:09:36.232Z",1957.928,1958.053
"exness","XAUUSD","2023-06-19 00:09:39.153Z",1957.942,1958.067
"exness","XAUUSD","2023-06-19 00:09:40.372Z",1957.937,1958.062
"exness","XAUUSD","2023-06-19 00:09:41.638Z",1957.912,1958.037
"exness","XAUUSD","2023-06-19 00:09:42.656Z",1957.937,1958.062
"exness","XAUUSD","2023-06-19 00:09:43.783Z",1957.939,1958.064
"exness","XAUUSD","2023-06-19 00:09:44.498Z",1957.971,1958.096
"exness","XAUUSD","2023-06-19 00:09:44.993Z",1958.009,1958.134
"exness","XAUUSD","2023-06-19 00:09:45.163Z",1958.041,1958.166
"exness","XAUUSD","2023-06-19 00:09:46.232Z",1958.048,1958.173
"exness","XAUUSD","2023-06-19 00:09:49.528Z",1958.05,1958.175
"exness","XAUUSD","2023-06-19 00:09:50.119Z",1958.018,1958.143
"exness","XAUUSD","2023-06-19 00:09:55.049Z",1958.009,1958.134
"exness","XAUUSD","2023-06-19 00:09:55.925Z",1958.043,1958.168
"exness","XAUUSD","2023-06-19 00:09:55.967Z",1958.074,1958.199
"exness","XAUUSD","2023-06-19 00:09:57.020Z",1958.09,1958.215
"exness","XAUUSD","2023-06-19 00:10:00.058Z",1958.091,1958.216
"exness","XAUUSD","2023-06-19 00:10:02.343Z",1958.092,1958.217
"exness","XAUUSD","2023-06-19 00:10:02.401Z",1958.125,1958.25
"exness","XAUUSD","2023-06-19 00:10:03.689Z",1958.112,1958.237
"exness","XAUUSD","2023-06-19 00:10:05.028Z",1958.111,1958.236
"exness","XAUUSD","2023-06-19 00:10:07.029Z",1958.108,1958.233
"exness","XAUUSD","2023-06-19 00:10:07.101Z",1958.078,1958.203
"exness","XAUUSD","2023-06-19 00:10:08.269Z",1958.068,1958.193
"exness","XAUUSD","2023-06-19 00:10:09.277Z",1958.062,1958.187
"exness","XAUUSD","2023-06-19 00:10:12.877Z",1958.095,1958.22
"exness","XAUUSD","2023-06-19 00:10:13.149Z",1958.126,1958.251
"exness","XAUUSD","2023-06-19 00:10:13.843Z",1958.091,1958.216
"exness","XAUUSD","2023-06-19 00:10:13.896Z",1958.06,1958.185
"exness","XAUUSD","2023-06-19 00:10:14.675Z",1958.093,1958.218
"exness","XAUUSD","2023-06-19 00:10:17.327Z",1958.096,1958.221
"exness","XAUUSD","2023-06-19 00:10:17.549Z",1958.062,1958.187
"exness","XAUUSD","2023-06-19 00:10:18.568Z",1958.056,1958.181
"exness","XAUUSD","2023-06-19 00:10:20.996Z",1958.043,1958.168
"exness","XAUUSD","2023-06-19 00:10:23.144Z",1958.074,1958.199
"exness","XAUUSD","2023-06-19 00:10:23.409Z",1958.106,1958.231
"exness","XAUUSD","2023-06-19 00:10:25.645Z",1958.127,1958.252
"exness","XAUUSD","2023-06-19 00:10:26.130Z",1958.096,1958.221
"exness","XAUUSD","2023-06-19 00:10:30.346Z",1958.085,1958.21
"exness","XAUUSD","2023-06-19 00:10:34.488Z",1958.068,1958.193
"exness","XAUUSD","2023-06-19 00:10:35.519Z",1958.067,1958.192
"exness","XAUUSD","2023-06-19 00:10:37.797Z",1958.061,1958.186
"exness","XAUUSD","2023-06-19 00:10:37.821Z",1958.091,1958.216
"exness","XAUUSD","2023-06-19 00:10:37.858Z",1958.13,1958.255
"exness","XAUUSD","2023-06-19 00:10:37.938Z",1958.098,1958.223
"exness","XAUUSD","2023-06-19 00:10:40.622Z",1958.092,1958.217
"exness","XAUUSD","2023-06-19 00:10:41.750Z",1958.066,1958.191
"exness","XAUUSD","2023-06-19 00:10:42.827Z",1958.064,1958.189
"exness","XAUUSD","2023-06-19 00:10:44.543Z",1958.059,1958.184
"exness","XAUUSD","2023-06-19 00:10:46.083Z",1958.053,1958.178
"exness","XAUUSD","2023-06-19 00:10:48.502Z",1958.015,1958.14
"exness","XAUUSD","2023-06-19 00:10:48.513Z",1957.984,1958.109
"exness","XAUUSD","2023-06-19 00:10:48.542Z",1957.947,1958.072
"exness","XAUUSD","2023-06-19 00:10:49.622Z",1957.953,1958.078
"exness","XAUUSD","2023-06-19 00:10:50.363Z",1957.996,1958.121
"exness","XAUUSD","2023-06-19 00:10:50.385Z",1958.028,1958.153
"exness","XAUUSD","2023-06-19 00:10:50.761Z",1958.06,1958.185
"exness","XAUUSD","2023-06-19 00:10:51.865Z",1958.05,1958.175
"exness","XAUUSD","2023-06-19 00:10:53.037Z",1958.04,1958.165
"exness","XAUUSD","2023-06-19 00:10:54.039Z",1958.039,1958.164
"exness","XAUUSD","2023-06-19 00:10:54.059Z",1958.006,1958.131
"exness","XAUUSD","2023-06-19 00:10:59.414Z",1958.001,1958.126
"exness","XAUUSD","2023-06-19 00:11:01.107Z",1958.002,1958.127
"exness","XAUUSD","2023-06-19 00:11:01.127Z",1958.037,1958.162
"exness","XAUUSD","2023-06-19 00:11:01.160Z",1958.067,1958.192
"exness","XAUUSD","2023-06-19 00:11:02.227Z",1958.088,1958.213
"exness","XAUUSD","2023-06-19 00:11:03.230Z",1958.093,1958.218
"exness","XAUUSD","2023-06-19 00:11:03.279Z",1958.126,1958.251
"exness","XAUUSD","2023-06-19 00:11:04.420Z",1958.14,1958.265
"exness","XAUUSD","2023-06-19 00:11:05.312Z",1958.11,1958.235
"exness","XAUUSD","2023-06-19 00:11:06.409Z",1958.127,1958.252
"exness","XAUUSD","2023-06-19 00:11:07.830Z",1958.136,1958.261
"exness","XAUUSD","2023-06-19 00:11:10.349Z",1958.137,1958.262
"exness","XAUUSD","2023-06-19 00:11:10.381Z",1958.104,1958.229
"exness","XAUUSD","2023-06-19 00:11:10.398Z",1958.073,1958.198
"exness","XAUUSD","2023-06-19 00:11:11.265Z",1958.043,1958.168
"exness","XAUUSD","2023-06-19 00:11:11.465Z",1958.009,1958.134
"exness","XAUUSD","2023-06-19 00:11:12.883Z",1957.999,1958.124
"exness","XAUUSD","2023-06-19 00:11:12.951Z",1958.03,1958.155
"exness","XAUUSD","2023-06-19 00:11:14.144Z",1958.036,1958.161
"exness","XAUUSD","2023-06-19 00:11:14.190Z",1958.005,1958.13
"exness","XAUUSD","2023-06-19 00:11:15.905Z",1957.999,1958.124
"exness","XAUUSD","2023-06-19 00:11:15.926Z",1958.029,1958.154
"exness","XAUUSD","2023-06-19 00:11:17.201Z",1958.001,1958.126
"exness","XAUUSD","2023-06-19 00:11:17.393Z",1957.967,1958.092
"exness","XAUUSD","2023-06-19 00:11:18.493Z",1957.99,1958.115
"exness","XAUUSD","2023-06-19 00:11:18.903Z",1957.959,1958.084
"exness","XAUUSD","2023-06-19 00:11:19.943Z",1957.949,1958.074
"exness","XAUUSD","2023-06-19 00:11:29.147Z",1957.946,1958.071
"exness","XAUUSD","2023-06-19 00:11:32.767Z",1957.943,1958.068
"exness","XAUUSD","2023-06-19 00:11:33.593Z",1957.975,1958.1
"exness","XAUUSD","2023-06-19 00:11:33.607Z",1958.006,1958.131
"exness","XAUUSD","2023-06-19 00:11:34.167Z",1958.036,1958.161
"exness","XAUUSD","2023-06-19 00:11:35.892Z",1958.042,1958.167
"exness","XAUUSD","2023-06-19 00:11:38.137Z",1958.044,1958.169
"exness","XAUUSD","2023-06-19 00:11:39.418Z",1958.043,1958.168
"exness","XAUUSD","2023-06-19 00:11:39.471Z",1958.009,1958.134
"exness","XAUUSD","2023-06-19 00:11:41.657Z",1958.034,1958.159
"exness","XAUUSD","2023-06-19 00:11:41.686Z",1958.003,1958.128
"exness","XAUUSD","2023-06-19 00:11:41.829Z",1957.97,1958.095
"exness","XAUUSD","2023-06-19 00:11:43.010Z",1957.955,1958.08
"exness","XAUUSD","2023-06-19 00:11:43.482Z",1957.914,1958.039
"exness","XAUUSD","2023-06-19 00:11:43.491Z",1957.873,1957.998
"exness","XAUUSD","2023-06-19 00:11:44.512Z",1957.85,1957.975
"exness","XAUUSD","2023-06-19 00:11:46.318Z",1957.848,1957.973
"exness","XAUUSD","2023-06-19 00:11:47.373Z",1957.846,1957.971
"exness","XAUUSD","2023-06-19 00:11:48.432Z",1957.843,1957.968
"exness","XAUUSD","2023-06-19 00:11:50.131Z",1957.812,1957.937
"exness","XAUUSD","2023-06-19 00:11:51.476Z",1957.803,1957.928
"exness","XAUUSD","2023-06-19 00:11:52.470Z",1957.806,1957.931
"exness","XAUUSD","2023-06-19 00:11:52.750Z",1957.839,1957.964
"exness","XAUUSD","2023-06-19 00:11:53.364Z",1957.809,1957.934
"exness","XAUUSD","2023-06-19 00:11:54.436Z",1957.807,1957.932
"exness","XAUUSD","2023-06-19 00:11:57.557Z",1957.802,1957.927
"exness","XAUUSD","2023-06-19 00:11:58.561Z",1957.812,1957.937
"exness","XAUUSD","2023-06-19 00:12:00.078Z",1957.837,1957.962
"exness","XAUUSD","2023-06-19 00:12:00.313Z",1957.807,1957.932
"exness","XAUUSD","2023-06-19 00:12:01.322Z",1957.8,1957.925
"exness","XAUUSD","2023-06-19 00:12:03.236Z",1957.798,1957.923
"exness","XAUUSD","2023-06-19 00:12:03.270Z",1957.765,1957.89
"exness","XAUUSD","2023-06-19 00:12:04.361Z",1957.745,1957.87
"exness","XAUUSD","2023-06-19 00:12:05.562Z",1957.746,1957.871
"exness","XAUUSD","2023-06-19 00:12:07.135Z",1957.769,1957.894
"exness","XAUUSD","2023-06-19 00:12:09.607Z",1957.77,1957.895
"exness","XAUUSD","2023-06-19 00:12:13.561Z",1957.747,1957.872
"exness","XAUUSD","2023-06-19 00:12:15.378Z",1957.749,1957.874
"exness","XAUUSD","2023-06-19 00:12:15.443Z",1957.783,1957.908
"exness","XAUUSD","2023-06-19 00:12:16.471Z",1957.753,1957.878
"exness","XAUUSD","2023-06-19 00:12:17.202Z",1957.719,1957.844
"exness","XAUUSD","2023-06-19 00:12:18.299Z",1957.694,1957.819
"exness","XAUUSD","2023-06-19 00:12:21.518Z",1957.725,1957.85
"exness","XAUUSD","2023-06-19 00:12:23.464Z",1957.732,1957.857
"exness","XAUUSD","2023-06-19 00:12:26.404Z",1957.74,1957.865
"exness","XAUUSD","2023-06-19 00:12:27.813Z",1957.765,1957.89
"exness","XAUUSD","2023-06-19 00:12:28.874Z",1957.751,1957.876
"exness","XAUUSD","2023-06-19 00:12:29.730Z",1957.72,1957.845
"exness","XAUUSD","2023-06-19 00:12:31.249Z",1957.695,1957.82
"exness","XAUUSD","2023-06-19 00:12:32.429Z",1957.676,1957.801
"exness","XAUUSD","2023-06-19 00:12:33.682Z",1957.683,1957.808
"exness","XAUUSD","2023-06-19 00:12:33.813Z",1957.719,1957.844
"exness","XAUUSD","2023-06-19 00:12:34.901Z",1957.722,1957.847
"exness","XAUUSD","2023-06-19 00:12:36.188Z",1957.723,1957.848
"exness","XAUUSD","2023-06-19 00:12:38.123Z",1957.746,1957.871
"exness","XAUUSD","2023-06-19 00:12:39.773Z",1957.76,1957.885
"exness","XAUUSD","2023-06-19 00:12:41.943Z",1957.792,1957.917
"exness","XAUUSD","2023-06-19 00:12:43.421Z",1957.793,1957.918
"exness","XAUUSD","2023-06-19 00:12:44.552Z",1957.778,1957.903
"exness","XAUUSD","2023-06-19 00:12:45.549Z",1957.748,1957.873
"exness","XAUUSD","2023-06-19 00:12:45.707Z",1957.716,1957.841
"exness","XAUUSD","2023-06-19 00:12:46.723Z",1957.731,1957.856
"exness","XAUUSD","2023-06-19 00:12:49.054Z",1957.735,1957.86
"exness","XAUUSD","2023-06-19 00:12:50.138Z",1957.751,1957.876
"exness","XAUUSD","2023-06-19 00:12:51.360Z",1957.754,1957.879
"exness","XAUUSD","2023-06-19 00:12:53.423Z",1957.756,1957.881
"exness","XAUUSD","2023-06-19 00:12:53.440Z",1957.72,1957.845
"exness","XAUUSD","2023-06-19 00:12:53.448Z",1957.68,1957.805
"exness","XAUUSD","2023-06-19 00:12:53.467Z",1957.644,1957.769
"exness","XAUUSD","2023-06-19 00:12:53.551Z",1957.611,1957.736
"exness","XAUUSD","2023-06-19 00:12:54.614Z",1957.639,1957.764
"exness","XAUUSD","2023-06-19 00:12:55.889Z",1957.638,1957.763
"exness","XAUUSD","2023-06-19 00:12:57.328Z",1957.639,1957.764
"exness","XAUUSD","2023-06-19 00:12:59.645Z",1957.65,1957.775
"exness","XAUUSD","2023-06-19 00:13:03.023Z",1957.647,1957.772
"exness","XAUUSD","2023-06-19 00:13:03.831Z",1957.611,1957.736
"exness","XAUUSD","2023-06-19 00:13:05.293Z",1957.594,1957.719
"exness","XAUUSD","2023-06-19 00:13:07.872Z",1957.598,1957.723
"exness","XAUUSD","2023-06-19 00:13:08.984Z",1957.579,1957.704
"exness","XAUUSD","2023-06-19 00:13:11.844Z",1957.588,1957.713
"exness","XAUUSD","2023-06-19 00:13:13.567Z",1957.589,1957.714
"exness","XAUUSD","2023-06-19 00:13:14.715Z",1957.588,1957.713
"exness","XAUUSD","2023-06-19 00:13:14.744Z",1957.558,1957.683
"exness","XAUUSD","2023-06-19 00:13:14.757Z",1957.523,1957.648
"exness","XAUUSD","2023-06-19 00:13:15.844Z",1957.546,1957.671
"exness","XAUUSD","2023-06-19 00:13:16.006Z",1957.583,1957.708
"exness","XAUUSD","2023-06-19 00:13:17.449Z",1957.593,1957.718
"exness","XAUUSD","2023-06-19 00:13:22.344Z",1957.592,1957.717
"exness","XAUUSD","2023-06-19 00:13:25.628Z",1957.591,1957.716
"exness","XAUUSD","2023-06-19 00:13:25.789Z",1957.56,1957.685
"exness","XAUUSD","2023-06-19 00:13:26.521Z",1957.591,1957.716
"exness","XAUUSD","2023-06-19 00:13:26.574Z",1957.622,1957.747
"exness","XAUUSD","2023-06-19 00:13:27.825Z",1957.642,1957.767
"exness","XAUUSD","2023-06-19 00:13:29.386Z",1957.645,1957.77
"exness","XAUUSD","2023-06-19 00:13:29.419Z",1957.612,1957.737
"exness","XAUUSD","2023-06-19 00:13:30.468Z",1957.631,1957.756
"exness","XAUUSD","2023-06-19 00:13:31.335Z",1957.601,1957.726
"exness","XAUUSD","2023-06-19 00:13:32.833Z",1957.596,1957.721
"exness","XAUUSD","2023-06-19 00:13:34.464Z",1957.595,1957.72
"exness","XAUUSD","2023-06-19 00:13:36.018Z",1957.582,1957.707
"exness","XAUUSD","2023-06-19 00:13:36.066Z",1957.617,1957.742
"exness","XAUUSD","2023-06-19 00:13:36.868Z",1957.647,1957.772
"exness","XAUUSD","2023-06-19 00:13:40.388Z",1957.644,1957.769
"exness","XAUUSD","2023-06-19 00:13:40.458Z",1957.61,1957.735
"exness","XAUUSD","2023-06-19 00:13:42.009Z",1957.631,1957.756
"exness","XAUUSD","2023-06-19 00:13:44.549Z",1957.601,1957.726
"exness","XAUUSD","2023-06-19 00:13:46.498Z",1957.6,1957.725
"exness","XAUUSD","2023-06-19 00:13:47.811Z",1957.594,1957.719
"exness","XAUUSD","2023-06-19 00:13:48.096Z",1957.626,1957.751
"exness","XAUUSD","2023-06-19 00:13:48.253Z",1957.595,1957.72
"exness","XAUUSD","2023-06-19 00:13:48.453Z",1957.563,1957.688
"exness","XAUUSD","2023-06-19 00:13:51.277Z",1957.552,1957.677
"exness","XAUUSD","2023-06-19 00:13:51.783Z",1957.582,1957.707
"exness","XAUUSD","2023-06-19 00:13:51.810Z",1957.612,1957.737
"exness","XAUUSD","2023-06-19 00:13:52.840Z",1957.639,1957.764
"exness","XAUUSD","2023-06-19 00:13:53.026Z",1957.67,1957.795
"exness","XAUUSD","2023-06-19 00:13:53.059Z",1957.702,1957.827
"exness","XAUUSD","2023-06-19 00:13:53.072Z",1957.733,1957.858
"exness","XAUUSD","2023-06-19 00:13:55.014Z",1957.708,1957.833
"exness","XAUUSD","2023-06-19 00:13:56.762Z",1957.707,1957.832
"exness","XAUUSD","2023-06-19 00:13:58.061Z",1957.706,1957.831
"exness","XAUUSD","2023-06-19 00:14:00.625Z",1957.676,1957.801
"exness","XAUUSD","2023-06-19 00:14:01.804Z",1957.695,1957.82
"exness","XAUUSD","2023-06-19 00:14:04.511Z",1957.7,1957.825
"exness","XAUUSD","2023-06-19 00:14:04.842Z",1957.733,1957.858
"exness","XAUUSD","2023-06-19 00:14:07.904Z",1957.718,1957.843
"exness","XAUUSD","2023-06-19 00:14:09.637Z",1957.711,1957.836
"exness","XAUUSD","2023-06-19 00:14:12.086Z",1957.737,1957.862
"exness","XAUUSD","2023-06-19 00:14:13.104Z",1957.714,1957.839
"exness","XAUUSD","2023-06-19 00:14:14.324Z",1957.711,1957.836
"exness","XAUUSD","2023-06-19 00:14:17.224Z",1957.707,1957.832
"exness","XAUUSD","2023-06-19 00:14:21.185Z",1957.736,1957.861
"exness","XAUUSD","2023-06-19 00:14:27.472Z",1957.74,1957.865
"exness","XAUUSD","2023-06-19 00:14:27.571Z",1957.744,1957.869
"exness","XAUUSD","2023-06-19 00:14:35.992Z",1957.715,1957.84
"exness","XAUUSD","2023-06-19 00:14:36.033Z",1957.704,1957.829
"exness","XAUUSD","2023-06-19 00:14:36.080Z",1957.674,1957.799
"exness","XAUUSD","2023-06-19 00:14:36.092Z",1957.642,1957.767
"exness","XAUUSD","2023-06-19 00:14:36.099Z",1957.599,1957.724
"exness","XAUUSD","2023-06-19 00:14:36.186Z",1957.607,1957.732
"exness","XAUUSD","2023-06-19 00:14:36.256Z",1957.606,1957.731
"exness","XAUUSD","2023-06-19 00:14:36.259Z",1957.637,1957.762
"exness","XAUUSD","2023-06-19 00:14:36.296Z",1957.671,1957.796
"exness","XAUUSD","2023-06-19 00:14:36.328Z",1957.672,1957.797
"exness","XAUUSD","2023-06-19 00:14:36.465Z",1957.666,1957.791
"exness","XAUUSD","2023-06-19 00:14:37.509Z",1957.692,1957.817
"exness","XAUUSD","2023-06-19 00:14:39.539Z",1957.699,1957.824
"exness","XAUUSD","2023-06-19 00:14:40.759Z",1957.7,1957.825
"exness","XAUUSD","2023-06-19 00:14:41.800Z",1957.694,1957.819
"exness","XAUUSD","2023-06-19 00:14:42.807Z",1957.701,1957.826
"exness","XAUUSD","2023-06-19 00:14:44.478Z",1957.705,1957.83
"exness","XAUUSD","2023-06-19 00:14:46.533Z",1957.704,1957.829
"exness","XAUUSD","2023-06-19 00:14:46.961Z",1957.672,1957.797
"exness","XAUUSD","2023-06-19 00:14:47.966Z",1957.683,1957.808
"exness","XAUUSD","2023-06-19 00:14:48.968Z",1957.668,1957.793
"exness","XAUUSD","2023-06-19 00:14:49.233Z",1957.637,1957.762
"exness","XAUUSD","2023-06-19 00:14:50.683Z",1957.61,1957.735
"exness","XAUUSD","2023-06-19 00:14:51.843Z",1957.609,1957.734
"exness","XAUUSD","2023-06-19 00:14:52.854Z",1957.607,1957.732
"exness","XAUUSD","2023-06-19 00:14:54.276Z",1957.603,1957.728
"exness","XAUUSD","2023-06-19 00:14:55.640Z",1957.601,1957.726
"exness","XAUUSD","2023-06-19 00:15:00.042Z",1957.6,1957.725
"exness","XAUUSD","2023-06-19 00:15:00.277Z",1957.633,1957.758
"exness","XAUUSD","2023-06-19 00:15:01.314Z",1957.642,1957.767
"exness","XAUUSD","2023-06-19 00:15:01.341Z",1957.606,1957.731
"exness","XAUUSD","2023-06-19 00:15:04.121Z",1957.602,1957.727
"exness","XAUUSD","2023-06-19 00:15:04.259Z",1957.57,1957.695
"exness","XAUUSD","2023-06-19 00:15:04.269Z",1957.535,1957.66
"exness","XAUUSD","2023-06-19 00:15:05.311Z",1957.51,1957.635
"exness","XAUUSD","2023-06-19 00:15:05.829Z",1957.478,1957.603
"exness","XAUUSD","2023-06-19 00:15:07.012Z",1957.459,1957.584
"exness","XAUUSD","2023-06-19 00:15:08.770Z",1957.458,1957.583
"exness","XAUUSD","2023-06-19 00:15:09.497Z",1957.492,1957.617
"exness","XAUUSD","2023-06-19 00:15:09.524Z",1957.529,1957.654
"exness","XAUUSD","2023-06-19 00:15:11.014Z",1957.546,1957.671
"exness","XAUUSD","2023-06-19 00:15:11.888Z",1957.516,1957.641
"exness","XAUUSD","2023-06-19 00:15:13.178Z",1957.508,1957.633
"exness","XAUUSD","2023-06-19 00:15:15.348Z",1957.502,1957.627
"exness","XAUUSD","2023-06-19 00:15:16.362Z",1957.499,1957.624
"exness","XAUUSD","2023-06-19 00:15:17.222Z",1957.469,1957.594
"exness","XAUUSD","2023-06-19 00:15:17.237Z",1957.433,1957.558
"exness","XAUUSD","2023-06-19 00:15:17.290Z",1957.401,1957.526
"exness","XAUUSD","2023-06-19 00:15:18.508Z",1957.406,1957.531
"exness","XAUUSD","2023-06-19 00:15:18.900Z",1957.437,1957.562
"exness","XAUUSD","2023-06-19 00:15:18.907Z",1957.474,1957.599
"exness","XAUUSD","2023-06-19 00:15:18.926Z",1957.51,1957.635
"exness","XAUUSD","2023-06-19 00:15:19.006Z",1957.542,1957.667
"exness","XAUUSD","2023-06-19 00:15:19.125Z",1957.511,1957.636
"exness","XAUUSD","2023-06-19 00:15:20.162Z",1957.537,1957.662
"exness","XAUUSD","2023-06-19 00:15:21.526Z",1957.507,1957.632
"exness","XAUUSD","2023-06-19 00:15:24.015Z",1957.508,1957.633
"exness","XAUUSD","2023-06-19 00:15:24.814Z",1957.542,1957.667
"exness","XAUUSD","2023-06-19 00:15:24.822Z",1957.577,1957.702
"exness","XAUUSD","2023-06-19 00:15:24.833Z",1957.609,1957.734
"exness","XAUUSD","2023-06-19 00:15:24.963Z",1957.639,1957.764
"exness","XAUUSD","2023-06-19 00:15:26.076Z",1957.645,1957.77
"exness","XAUUSD","2023-06-19 00:15:26.194Z",1957.612,1957.737
"exness","XAUUSD","2023-06-19 00:15:26.207Z",1957.572,1957.697
"exness","XAUUSD","2023-06-19 00:15:27.377Z",1957.569,1957.694
"exness","XAUUSD","2023-06-19 00:15:28.653Z",1957.562,1957.687
"exness","XAUUSD","2023-06-19 00:15:30.142Z",1957.56,1957.685
"exness","XAUUSD","2023-06-19 00:15:31.188Z",1957.55,1957.675
"exness","XAUUSD","2023-06-19 00:15:31.538Z",1957.583,1957.708
"exness","XAUUSD","2023-06-19 00:15:31.727Z",1957.619,1957.744
"exness","XAUUSD","2023-06-19 00:15:31.752Z",1957.651,1957.776
"exness","XAUUSD","2023-06-19 00:15:33.011Z",1957.623,1957.748
"exness","XAUUSD","2023-06-19 00:15:34.911Z",1957.654,1957.779
"exness","XAUUSD","2023-06-19 00:15:36.467Z",1957.665,1957.79
"exness","XAUUSD","2023-06-19 00:15:36.846Z",1957.701,1957.826
"exness","XAUUSD","2023-06-19 00:15:37.894Z",1957.709,1957.834
"exness","XAUUSD","2023-06-19 00:15:38.818Z",1957.74,1957.865
"exness","XAUUSD","2023-06-19 00:15:40.097Z",1957.752,1957.877
"exness","XAUUSD","2023-06-19 00:15:40.116Z",1957.782,1957.907
"exness","XAUUSD","2023-06-19 00:15:42.011Z",1957.804,1957.929
"exness","XAUUSD","2023-06-19 00:15:44.670Z",1957.805,1957.93
"exness","XAUUSD","2023-06-19 00:15:45.875Z",1957.804,1957.929
"exness","XAUUSD","2023-06-19 00:15:47.649Z",1957.803,1957.928
"exness","XAUUSD","2023-06-19 00:15:47.748Z",1957.771,1957.896
"exness","XAUUSD","2023-06-19 00:15:48.462Z",1957.804,1957.929
"exness","XAUUSD","2023-06-19 00:15:49.667Z",1957.808,1957.933
"exness","XAUUSD","2023-06-19 00:15:50.198Z",1957.777,1957.902
"exness","XAUUSD","2023-06-19 00:15:51.222Z",1957.769,1957.894
"exness","XAUUSD","2023-06-19 00:15:53.059Z",1957.76,1957.885
"exness","XAUUSD","2023-06-19 00:15:56.376Z",1957.757,1957.882
"exness","XAUUSD","2023-06-19 00:15:58.142Z",1957.758,1957.883
"exness","XAUUSD","2023-06-19 00:15:58.162Z",1957.795,1957.92
"exness","XAUUSD","2023-06-19 00:15:58.169Z",1957.826,1957.951
"exness","XAUUSD","2023-06-19 00:16:00.012Z",1957.848,1957.973
"exness","XAUUSD","2023-06-19 00:16:01.245Z",1957.858,1957.983
"exness","XAUUSD","2023-06-19 00:16:01.286Z",1957.823,1957.948
"exness","XAUUSD","2023-06-19 00:16:01.385Z",1957.793,1957.918
"exness","XAUUSD","2023-06-19 00:16:03.009Z",1957.763,1957.888
"exness","XAUUSD","2023-06-19 00:16:05.536Z",1957.761,1957.886
"exness","XAUUSD","2023-06-19 00:16:07.027Z",1957.771,1957.896
"exness","XAUUSD","2023-06-19 00:16:07.592Z",1957.802,1957.927
"exness","XAUUSD","2023-06-19 00:16:09.220Z",1957.804,1957.929
"exness","XAUUSD","2023-06-19 00:16:10.562Z",1957.813,1957.938
"exness","XAUUSD","2023-06-19 00:16:11.749Z",1957.814,1957.939
"exness","XAUUSD","2023-06-19 00:16:11.839Z",1957.782,1957.907
"exness","XAUUSD","2023-06-19 00:16:12.883Z",1957.768,1957.893
"exness","XAUUSD","2023-06-19 00:16:12.902Z",1957.735,1957.86
"exness","XAUUSD","2023-06-19 00:16:14.010Z",1957.724,1957.849
"exness","XAUUSD","2023-06-19 00:16:17.760Z",1957.721,1957.846
"exness","XAUUSD","2023-06-19 00:16:18.892Z",1957.72,1957.845
"exness","XAUUSD","2023-06-19 00:16:20.615Z",1957.748,1957.873
"exness","XAUUSD","2023-06-19 00:16:22.894Z",1957.751,1957.876
"exness","XAUUSD","2023-06-19 00:16:25.167Z",1957.766,1957.891
"exness","XAUUSD","2023-06-19 00:16:27.976Z",1957.77,1957.895
"exness","XAUUSD","2023-06-19 00:16:29.565Z",1957.773,1957.898
"exness","XAUUSD","2023-06-19 00:16:29.586Z",1957.815,1957.94
"exness","XAUUSD","2023-06-19 00:16:29.627Z",1957.846,1957.971
"exness","XAUUSD","2023-06-19 00:16:31.008Z",1957.849,1957.974
"exness","XAUUSD","2023-06-19 00:16:34.529Z",1957.852,1957.977
"exness","XAUUSD","2023-06-19 00:16:37.081Z",1957.856,1957.981
"exness","XAUUSD","2023-06-19 00:16:37.279Z",1957.888,1958.013
"exness","XAUUSD","2023-06-19 00:16:38.690Z",1957.899,1958.024
"exness","XAUUSD","2023-06-19 00:16:38.720Z",1957.934,1958.059
"exness","XAUUSD","2023-06-19 00:16:39.064Z",1957.964,1958.089
"exness","XAUUSD","2023-06-19 00:16:39.188Z",1957.995,1958.12
"exness","XAUUSD","2023-06-19 00:16:40.285Z",1957.999,1958.124
"exness","XAUUSD","2023-06-19 00:16:41.307Z",1958.007,1958.132
"exness","XAUUSD","2023-06-19 00:16:42.286Z",1957.975,1958.1
"exness","XAUUSD","2023-06-19 00:16:43.322Z",1957.956,1958.081
"exness","XAUUSD","2023-06-19 00:16:44.762Z",1957.954,1958.079
"exness","XAUUSD","2023-06-19 00:16:47.208Z",1957.951,1958.076
"exness","XAUUSD","2023-06-19 00:16:51.223Z",1957.957,1958.082
"exness","XAUUSD","2023-06-19 00:16:52.041Z",1957.994,1958.119
"exness","XAUUSD","2023-06-19 00:16:53.055Z",1958.006,1958.131
"exness","XAUUSD","2023-06-19 00:16:54.813Z",1958.008,1958.133
"exness","XAUUSD","2023-06-19 00:16:55.499Z",1957.971,1958.096
"exness","XAUUSD","2023-06-19 00:16:55.531Z",1957.932,1958.057
"exness","XAUUSD","2023-06-19 00:16:57.010Z",1957.916,1958.041
"exness","XAUUSD","2023-06-19 00:16:58.242Z",1957.914,1958.039
"exness","XAUUSD","2023-06-19 00:16:59.587Z",1957.913,1958.038
"exness","XAUUSD","2023-06-19 00:17:01.347Z",1957.912,1958.037
"exness","XAUUSD","2023-06-19 00:17:03.047Z",1957.914,1958.039
"exness","XAUUSD","2023-06-19 00:17:05.762Z",1957.918,1958.043
"exness","XAUUSD","2023-06-19 00:17:07.196Z",1957.911,1958.036
"exness","XAUUSD","2023-06-19 00:17:12.295Z",1957.912,1958.037
"exness","XAUUSD","2023-06-19 00:17:12.338Z",1957.943,1958.068
"exness","XAUUSD","2023-06-19 00:17:13.352Z",1957.931,1958.056
"exness","XAUUSD","2023-06-19 00:17:14.548Z",1957.924,1958.049
"exness","XAUUSD","2023-06-19 00:17:17.294Z",1957.923,1958.048
"exness","XAUUSD","2023-06-19 00:17:18.368Z",1957.891,1958.016
"exness","XAUUSD","2023-06-19 00:17:19.734Z",1957.884,1958.009
"exness","XAUUSD","2023-06-19 00:17:20.890Z",1957.862,1957.987
"exness","XAUUSD","2023-06-19 00:17:23.336Z",1957.867,1957.992
"exness","XAUUSD","2023-06-19 00:17:25.609Z",1957.899,1958.024
"exness","XAUUSD","2023-06-19 00:17:29.256Z",1957.903,1958.028
"exness","XAUUSD","2023-06-19 00:17:30.285Z",1957.906,1958.031
"exness","XAUUSD","2023-06-19 00:17:30.327Z",1957.874,1957.999
"exness","XAUUSD","2023-06-19 00:17:31.342Z",1957.857,1957.982
"exness","XAUUSD","2023-06-19 00:17:33.648Z",1957.853,1957.978
"exness","XAUUSD","2023-06-19 00:17:34.913Z",1957.856,1957.981
"exness","XAUUSD","2023-06-19 00:17:35.985Z",1957.849,1957.974
"exness","XAUUSD","2023-06-19 00:17:38.752Z",1957.852,1957.977
"exness","XAUUSD","2023-06-19 00:17:40.533Z",1957.863,1957.988
"exness","XAUUSD","2023-06-19 00:17:40.572Z",1957.826,1957.951
"exness","XAUUSD","2023-06-19 00:17:43.157Z",1957.813,1957.938
"exness","XAUUSD","2023-06-19 00:17:44.558Z",1957.809,1957.934
"exness","XAUUSD","2023-06-19 00:17:49.946Z",1957.81,1957.935
"exness","XAUUSD","2023-06-19 00:17:50.985Z",1957.812,1957.937
"exness","XAUUSD","2023-06-19 00:17:52.442Z",1957.813,1957.938
"exness","XAUUSD","2023-06-19 00:17:56.000Z",1957.814,1957.939
"exness","XAUUSD","2023-06-19 00:17:56.120Z",1957.782,1957.907
"exness","XAUUSD","2023-06-19 00:17:56.191Z",1957.748,1957.873
"exness","XAUUSD","2023-06-19 00:17:58.010Z",1957.75,1957.875
"exness","XAUUSD","2023-06-19 00:17:59.672Z",1957.752,1957.877
"exness","XAUUSD","2023-06-19 00:18:00.335Z",1957.719,1957.844
"exness","XAUUSD","2023-06-19 00:18:01.387Z",1957.745,1957.87
"exness","XAUUSD","2023-06-19 00:18:02.808Z",1957.771,1957.896
"exness","XAUUSD","2023-06-19 00:18:06.288Z",1957.773,1957.898
"exness","XAUUSD","2023-06-19 00:18:06.310Z",1957.738,1957.863
"exness","XAUUSD","2023-06-19 00:18:08.009Z",1957.714,1957.839
"exness","XAUUSD","2023-06-19 00:18:11.474Z",1957.713,1957.838
"exness","XAUUSD","2023-06-19 00:18:15.304Z",1957.712,1957.837
"exness","XAUUSD","2023-06-19 00:18:15.329Z",1957.676,1957.801
"exness","XAUUSD","2023-06-19 00:18:16.780Z",1957.657,1957.782
"exness","XAUUSD","2023-06-19 00:18:17.465Z",1957.696,1957.821
"exness","XAUUSD","2023-06-19 00:18:17.480Z",1957.737,1957.862
"exness","XAUUSD","2023-06-19 00:18:17.496Z",1957.778,1957.903
"exness","XAUUSD","2023-06-19 00:18:17.532Z",1957.81,1957.935
"exness","XAUUSD","2023-06-19 00:18:18.573Z",1957.809,1957.934
"exness","XAUUSD","2023-06-19 00:18:20.008Z",1957.81,1957.935
"exness","XAUUSD","2023-06-19 00:18:23.448Z",1957.811,1957.936
"exness","XAUUSD","2023-06-19 00:18:28.058Z",1957.812,1957.937
"exness","XAUUSD","2023-06-19 00:18:36.223Z",1957.845,1957.97
"exness","XAUUSD","2023-06-19 00:18:37.429Z",1957.857,1957.982
"exness","XAUUSD","2023-06-19 00:18:37.705Z",1957.827,1957.952
"exness","XAUUSD","2023-06-19 00:18:40.341Z",1957.824,1957.949
"exness","XAUUSD","2023-06-19 00:18:40.450Z",1957.854,1957.979
"exness","XAUUSD","2023-06-19 00:18:41.029Z",1957.887,1958.012
"exness","XAUUSD","2023-06-19 00:18:44.548Z",1957.898,1958.023
"exness","XAUUSD","2023-06-19 00:18:45.811Z",1957.9,1958.025
"exness","XAUUSD","2023-06-19 00:18:48.044Z",1957.902,1958.027
"exness","XAUUSD","2023-06-19 00:18:56.215Z",1957.905,1958.03
"exness","XAUUSD","2023-06-19 00:18:56.653Z",1957.873,1957.998
"exness","XAUUSD","2023-06-19 00:18:57.469Z",1957.904,1958.029
"exness","XAUUSD","2023-06-19 00:18:58.366Z",1957.87,1957.995
"exness","XAUUSD","2023-06-19 00:19:00.011Z",1957.864,1957.989
"exness","XAUUSD","2023-06-19 00:19:03.260Z",1957.866,1957.991
"exness","XAUUSD","2023-06-19 00:19:04.283Z",1957.857,1957.982
"exness","XAUUSD","2023-06-19 00:19:04.293Z",1957.827,1957.952
"exness","XAUUSD","2023-06-19 00:19:05.503Z",1957.812,1957.937
"exness","XAUUSD","2023-06-19 00:19:08.759Z",1957.811,1957.936
"exness","XAUUSD","2023-06-19 00:19:11.507Z",1957.81,1957.935
"exness","XAUUSD","2023-06-19 00:19:13.245Z",1957.808,1957.933
"exness","XAUUSD","2023-06-19 00:19:18.532Z",1957.811,1957.936
"exness","XAUUSD","2023-06-19 00:19:19.571Z",1957.787,1957.912
"exness","XAUUSD","2023-06-19 00:19:21.953Z",1957.78,1957.905
"exness","XAUUSD","2023-06-19 00:19:23.713Z",1957.778,1957.903
"exness","XAUUSD","2023-06-19 00:19:24.847Z",1957.753,1957.878
"exness","XAUUSD","2023-06-19 00:19:25.883Z",1957.751,1957.876
"exness","XAUUSD","2023-06-19 00:19:31.973Z",1957.773,1957.898
"exness","XAUUSD","2023-06-19 00:19:33.086Z",1957.762,1957.887
"exness","XAUUSD","2023-06-19 00:19:34.632Z",1957.759,1957.884
"exness","XAUUSD","2023-06-19 00:19:34.646Z",1957.727,1957.852
"exness","XAUUSD","2023-06-19 00:19:35.744Z",1957.714,1957.839
"exness","XAUUSD","2023-06-19 00:19:51.916Z",1957.713,1957.838
"exness","XAUUSD","2023-06-19 00:19:53.704Z",1957.71,1957.835
"exness","XAUUSD","2023-06-19 00:19:53.741Z",1957.742,1957.867
"exness","XAUUSD","2023-06-19 00:19:54.753Z",1957.764,1957.889
"exness","XAUUSD","2023-06-19 00:19:56.009Z",1957.771,1957.896
"exness","XAUUSD","2023-06-19 00:19:58.031Z",1957.773,1957.898
"exness","XAUUSD","2023-06-19 00:19:59.044Z",1957.774,1957.899
"exness","XAUUSD","2023-06-19 00:20:00.202Z",1957.775,1957.9
"exness","XAUUSD","2023-06-19 00:20:01.056Z",1957.809,1957.934
"exness","XAUUSD","2023-06-19 00:20:01.079Z",1957.84,1957.965
"exness","XAUUSD","2023-06-19 00:20:01.701Z",1957.871,1957.996
"exness","XAUUSD","2023-06-19 00:20:01.761Z",1957.901,1958.026
"exness","XAUUSD","2023-06-19 00:20:02.780Z",1957.902,1958.027
"exness","XAUUSD","2023-06-19 00:20:02.878Z",1957.935,1958.06
"exness","XAUUSD","2023-06-19 00:20:04.009Z",1957.951,1958.076
"exness","XAUUSD","2023-06-19 00:20:04.183Z",1957.983,1958.108
"exness","XAUUSD","2023-06-19 00:20:06.010Z",1957.986,1958.111
"exness","XAUUSD","2023-06-19 00:20:07.722Z",1957.994,1958.119
"exness","XAUUSD","2023-06-19 00:20:09.427Z",1957.996,1958.121
"exness","XAUUSD","2023-06-19 00:20:12.551Z",1958.002,1958.127
"exness","XAUUSD","2023-06-19 00:20:14.619Z",1958.003,1958.128
"exness","XAUUSD","2023-06-19 00:20:16.768Z",1958.004,1958.129
"exness","XAUUSD","2023-06-19 00:20:25.884Z",1958.002,1958.127
"exness","XAUUSD","2023-06-19 00:20:28.626Z",1958.001,1958.126
"exness","XAUUSD","2023-06-19 00:20:31.313Z",1958,1958.125
"exness","XAUUSD","2023-06-19 00:20:35.169Z",1957.994,1958.119
"exness","XAUUSD","2023-06-19 00:20:36.801Z",1957.988,1958.113
"exness","XAUUSD","2023-06-19 00:20:43.294Z",1957.975,1958.1
"exness","XAUUSD","2023-06-19 00:20:43.343Z",1957.942,1958.067
"exness","XAUUSD","2023-06-19 00:20:44.547Z",1957.951,1958.076
"exness","XAUUSD","2023-06-19 00:20:45.582Z",1957.953,1958.078
"exness","XAUUSD","2023-06-19 00:20:47.832Z",1957.955,1958.08
"exness","XAUUSD","2023-06-19 00:20:50.931Z",1957.983,1958.108
"exness","XAUUSD","2023-06-19 00:20:51.957Z",1957.994,1958.119
"exness","XAUUSD","2023-06-19 00:20:52.353Z",1957.958,1958.083
"exness","XAUUSD","2023-06-19 00:20:52.387Z",1957.928,1958.053
"exness","XAUUSD","2023-06-19 00:20:53.416Z",1957.926,1958.051
"exness","XAUUSD","2023-06-19 00:20:54.564Z",1957.942,1958.067
"exness","XAUUSD","2023-06-19 00:20:56.073Z",1957.948,1958.073
"exness","XAUUSD","2023-06-19 00:20:57.131Z",1957.936,1958.061
"exness","XAUUSD","2023-06-19 00:20:58.136Z",1957.931,1958.056
"exness","XAUUSD","2023-06-19 00:20:59.636Z",1957.952,1958.077
"exness","XAUUSD","2023-06-19 00:20:59.906Z",1957.92,1958.045
"exness","XAUUSD","2023-06-19 00:21:01.500Z",1957.94,1958.065
"exness","XAUUSD","2023-06-19 00:21:03.600Z",1957.927,1958.052
"exness","XAUUSD","2023-06-19 00:21:04.855Z",1957.916,1958.041
"exness","XAUUSD","2023-06-19 00:21:07.738Z",1957.925,1958.05
"exness","XAUUSD","2023-06-19 00:21:11.287Z",1957.926,1958.051
"exness","XAUUSD","2023-06-19 00:21:13.147Z",1957.915,1958.04
"exness","XAUUSD","2023-06-19 00:21:16.572Z",1957.916,1958.041
"exness","XAUUSD","2023-06-19 00:21:20.263Z",1957.946,1958.071
"exness","XAUUSD","2023-06-19 00:21:21.581Z",1957.949,1958.074
"exness","XAUUSD","2023-06-19 00:21:26.566Z",1957.953,1958.078
"exness","XAUUSD","2023-06-19 00:21:27.663Z",1957.97,1958.095
"exness","XAUUSD","2023-06-19 00:21:29.078Z",1957.998,1958.123
"exness","XAUUSD","2023-06-19 00:21:30.653Z",1958.001,1958.126
"exness","XAUUSD","2023-06-19 00:21:32.091Z",1958.016,1958.141
"exness","XAUUSD","2023-06-19 00:21:33.383Z",1958.021,1958.146
"exness","XAUUSD","2023-06-19 00:21:34.383Z",1958.019,1958.144
"exness","XAUUSD","2023-06-19 00:21:36.450Z",1958.025,1958.15
"exness","XAUUSD","2023-06-19 00:21:37.875Z",1958.026,1958.151
"exness","XAUUSD","2023-06-19 00:21:41.636Z",1958.029,1958.154
"exness","XAUUSD","2023-06-19 00:21:44.738Z",1958.028,1958.153
"exness","XAUUSD","2023-06-19 00:21:56.837Z",1958.027,1958.152
"exness","XAUUSD","2023-06-19 00:22:07.785Z",1958.023,1958.148
"exness","XAUUSD","2023-06-19 00:22:10.540Z",1958.021,1958.146
"exness","XAUUSD","2023-06-19 00:22:14.625Z",1958.02,1958.145
"exness","XAUUSD","2023-06-19 00:22:15.593Z",1958.05,1958.175
"exness","XAUUSD","2023-06-19 00:22:16.598Z",1958.062,1958.187
"exness","XAUUSD","2023-06-19 00:22:16.608Z",1958.094,1958.219
"exness","XAUUSD","2023-06-19 00:22:16.620Z",1958.132,1958.257
"exness","XAUUSD","2023-06-19 00:22:16.633Z",1958.162,1958.287
"exness","XAUUSD","2023-06-19 00:22:16.693Z",1958.197,1958.322
"exness","XAUUSD","2023-06-19 00:22:16.714Z",1958.227,1958.352
"exness","XAUUSD","2023-06-19 00:22:16.727Z",1958.258,1958.383
"exness","XAUUSD","2023-06-19 00:22:16.818Z",1958.289,1958.414
"exness","XAUUSD","2023-06-19 00:22:17.756Z",1958.254,1958.379
"exness","XAUUSD","2023-06-19 00:22:18.082Z",1958.224,1958.349
"exness","XAUUSD","2023-06-19 00:22:20.893Z",1958.222,1958.347
"exness","XAUUSD","2023-06-19 00:22:22.224Z",1958.227,1958.352
"exness","XAUUSD","2023-06-19 00:22:23.326Z",1958.228,1958.353
"exness","XAUUSD","2023-06-19 00:22:25.463Z",1958.23,1958.355
"exness","XAUUSD","2023-06-19 00:22:26.478Z",1958.227,1958.352
"exness","XAUUSD","2023-06-19 00:22:27.528Z",1958.225,1958.35
"exness","XAUUSD","2023-06-19 00:22:27.993Z",1958.258,1958.383
"exness","XAUUSD","2023-06-19 00:22:29.918Z",1958.274,1958.399
"exness","XAUUSD","2023-06-19 00:22:31.998Z",1958.283,1958.408
"exness","XAUUSD","2023-06-19 00:22:34.473Z",1958.282,1958.407
"exness","XAUUSD","2023-06-19 00:22:36.057Z",1958.287,1958.412
"exness","XAUUSD","2023-06-19 00:22:38.748Z",1958.279,1958.404
"exness","XAUUSD","2023-06-19 00:22:39.901Z",1958.289,1958.414
"exness","XAUUSD","2023-06-19 00:22:42.001Z",1958.29,1958.415
"exness","XAUUSD","2023-06-19 00:22:43.142Z",1958.293,1958.418
"exness","XAUUSD","2023-06-19 00:22:43.166Z",1958.262,1958.387
"exness","XAUUSD","2023-06-19 00:22:43.180Z",1958.232,1958.357
"exness","XAUUSD","2023-06-19 00:22:44.579Z",1958.233,1958.358
"exness","XAUUSD","2023-06-19 00:22:46.977Z",1958.234,1958.359
"exness","XAUUSD","2023-06-19 00:22:48.184Z",1958.198,1958.323
"exness","XAUUSD","2023-06-19 00:22:48.238Z",1958.166,1958.291
"exness","XAUUSD","2023-06-19 00:22:49.970Z",1958.154,1958.279
"exness","XAUUSD","2023-06-19 00:22:50.989Z",1958.185,1958.31
"exness","XAUUSD","2023-06-19 00:22:52.489Z",1958.186,1958.311
"exness","XAUUSD","2023-06-19 00:22:52.692Z",1958.149,1958.274
"exness","XAUUSD","2023-06-19 00:22:53.711Z",1958.128,1958.253
"exness","XAUUSD","2023-06-19 00:22:55.720Z",1958.134,1958.259
"exness","XAUUSD","2023-06-19 00:22:56.920Z",1958.132,1958.257
"exness","XAUUSD","2023-06-19 00:22:58.494Z",1958.128,1958.253
"exness","XAUUSD","2023-06-19 00:23:00.400Z",1958.126,1958.251
"exness","XAUUSD","2023-06-19 00:23:00.435Z",1958.163,1958.288
"exness","XAUUSD","2023-06-19 00:23:02.833Z",1958.187,1958.312
"exness","XAUUSD","2023-06-19 00:23:05.309Z",1958.194,1958.319
"exness","XAUUSD","2023-06-19 00:23:06.557Z",1958.192,1958.317
"exness","XAUUSD","2023-06-19 00:23:06.571Z",1958.161,1958.286
"exness","XAUUSD","2023-06-19 00:23:06.606Z",1958.129,1958.254
"exness","XAUUSD","2023-06-19 00:23:08.007Z",1958.118,1958.243
"exness","XAUUSD","2023-06-19 00:23:09.338Z",1958.117,1958.242
"exness","XAUUSD","2023-06-19 00:23:10.562Z",1958.107,1958.232
"exness","XAUUSD","2023-06-19 00:23:12.701Z",1958.1,1958.225
"exness","XAUUSD","2023-06-19 00:23:12.815Z",1958.13,1958.255
"exness","XAUUSD","2023-06-19 00:23:14.545Z",1958.131,1958.256
"exness","XAUUSD","2023-06-19 00:23:16.794Z",1958.133,1958.258
"exness","XAUUSD","2023-06-19 00:23:22.400Z",1958.135,1958.26
"exness","XAUUSD","2023-06-19 00:23:30.305Z",1958.137,1958.262
"exness","XAUUSD","2023-06-19 00:23:30.395Z",1958.168,1958.293
"exness","XAUUSD","2023-06-19 00:23:31.360Z",1958.2,1958.325
"exness","XAUUSD","2023-06-19 00:23:33.677Z",1958.209,1958.334
"exness","XAUUSD","2023-06-19 00:23:35.621Z",1958.214,1958.339
"exness","XAUUSD","2023-06-19 00:23:35.642Z",1958.254,1958.379
"exness","XAUUSD","2023-06-19 00:23:35.679Z",1958.284,1958.409
"exness","XAUUSD","2023-06-19 00:23:36.735Z",1958.29,1958.415
"exness","XAUUSD","2023-06-19 00:23:39.332Z",1958.3,1958.425
"exness","XAUUSD","2023-06-19 00:23:40.418Z",1958.295,1958.42
"exness","XAUUSD","2023-06-19 00:23:43.587Z",1958.31,1958.435
"exness","XAUUSD","2023-06-19 00:23:44.698Z",1958.323,1958.448
"exness","XAUUSD","2023-06-19 00:23:46.862Z",1958.351,1958.476
"exness","XAUUSD","2023-06-19 00:23:50.054Z",1958.344,1958.469
"exness","XAUUSD","2023-06-19 00:23:52.064Z",1958.342,1958.467
"exness","XAUUSD","2023-06-19 00:23:54.714Z",1958.343,1958.468
"exness","XAUUSD","2023-06-19 00:23:57.389Z",1958.328,1958.453
"exness","XAUUSD","2023-06-19 00:23:58.658Z",1958.318,1958.443
"exness","XAUUSD","2023-06-19 00:24:01.271Z",1958.315,1958.44
"exness","XAUUSD","2023-06-19 00:24:02.471Z",1958.316,1958.441
"exness","XAUUSD","2023-06-19 00:24:05.672Z",1958.317,1958.442
"exness","XAUUSD","2023-06-19 00:24:07.561Z",1958.316,1958.441
"exness","XAUUSD","2023-06-19 00:24:10.449Z",1958.314,1958.439
"exness","XAUUSD","2023-06-19 00:24:11.817Z",1958.31,1958.435
"exness","XAUUSD","2023-06-19 00:24:12.707Z",1958.277,1958.402
"exness","XAUUSD","2023-06-19 00:24:14.312Z",1958.258,1958.383
"exness","XAUUSD","2023-06-19 00:24:16.066Z",1958.249,1958.374
"exness","XAUUSD","2023-06-19 00:24:17.483Z",1958.252,1958.377
"exness","XAUUSD","2023-06-19 00:24:17.538Z",1958.283,1958.408
"exness","XAUUSD","2023-06-19 00:24:19.009Z",1958.303,1958.428
"exness","XAUUSD","2023-06-19 00:24:20.128Z",1958.305,1958.43
"exness","XAUUSD","2023-06-19 00:24:22.066Z",1958.308,1958.433
"exness","XAUUSD","2023-06-19 00:24:23.069Z",1958.303,1958.428
"exness","XAUUSD","2023-06-19 00:24:24.010Z",1958.273,1958.398
"exness","XAUUSD","2023-06-19 00:24:25.115Z",1958.265,1958.39
"exness","XAUUSD","2023-06-19 00:24:26.258Z",1958.263,1958.388
"exness","XAUUSD","2023-06-19 00:24:26.316Z",1958.232,1958.357
"exness","XAUUSD","2023-06-19 00:24:26.636Z",1958.202,1958.327
"exness","XAUUSD","2023-06-19 00:24:27.589Z",1958.171,1958.296
"exness","XAUUSD","2023-06-19 00:24:27.629Z",1958.14,1958.265
"exness","XAUUSD","2023-06-19 00:24:27.797Z",1958.109,1958.234
"exness","XAUUSD","2023-06-19 00:24:29.011Z",1958.107,1958.232
"exness","XAUUSD","2023-06-19 00:24:31.554Z",1958.111,1958.236
"exness","XAUUSD","2023-06-19 00:24:33.071Z",1958.101,1958.226
"exness","XAUUSD","2023-06-19 00:24:34.855Z",1958.1,1958.225
"exness","XAUUSD","2023-06-19 00:24:36.021Z",1958.101,1958.226
"exness","XAUUSD","2023-06-19 00:24:37.210Z",1958.085,1958.21
"exness","XAUUSD","2023-06-19 00:24:38.800Z",1958.103,1958.228
"exness","XAUUSD","2023-06-19 00:24:39.916Z",1958.09,1958.215
"exness","XAUUSD","2023-06-19 00:24:41.010Z",1958.087,1958.212
"exness","XAUUSD","2023-06-19 00:24:43.047Z",1958.118,1958.243
"exness","XAUUSD","2023-06-19 00:24:44.257Z",1958.126,1958.251
"exness","XAUUSD","2023-06-19 00:24:46.569Z",1958.161,1958.286
"exness","XAUUSD","2023-06-19 00:24:46.600Z",1958.193,1958.318
"exness","XAUUSD","2023-06-19 00:24:47.675Z",1958.202,1958.327
"exness","XAUUSD","2023-06-19 00:24:49.081Z",1958.204,1958.329
"exness","XAUUSD","2023-06-19 00:24:50.333Z",1958.224,1958.349
"exness","XAUUSD","2023-06-19 00:24:51.543Z",1958.228,1958.353
"exness","XAUUSD","2023-06-19 00:24:52.609Z",1958.232,1958.357
"exness","XAUUSD","2023-06-19 00:24:52.627Z",1958.263,1958.388
"exness","XAUUSD","2023-06-19 00:24:52.644Z",1958.295,1958.42
"exness","XAUUSD","2023-06-19 00:24:52.691Z",1958.328,1958.453
"exness","XAUUSD","2023-06-19 00:24:53.914Z",1958.343,1958.468
"exness","XAUUSD","2023-06-19 00:24:55.841Z",1958.345,1958.47
"exness","XAUUSD","2023-06-19 00:24:56.932Z",1958.348,1958.473
"exness","XAUUSD","2023-06-19 00:24:57.813Z",1958.38,1958.505
"exness","XAUUSD","2023-06-19 00:24:58.937Z",1958.411,1958.536
"exness","XAUUSD","2023-06-19 00:25:00.019Z",1958.392,1958.517
"exness","XAUUSD","2023-06-19 00:25:00.405Z",1958.362,1958.487
"exness","XAUUSD","2023-06-19 00:25:00.545Z",1958.328,1958.453
"exness","XAUUSD","2023-06-19 00:25:00.554Z",1958.297,1958.422
"exness","XAUUSD","2023-06-19 00:25:04.263Z",1958.296,1958.421
"exness","XAUUSD","2023-06-19 00:25:07.965Z",1958.295,1958.42
"exness","XAUUSD","2023-06-19 00:25:09.164Z",1958.283,1958.408
"exness","XAUUSD","2023-06-19 00:25:09.580Z",1958.249,1958.374
"exness","XAUUSD","2023-06-19 00:25:09.588Z",1958.219,1958.344
"exness","XAUUSD","2023-06-19 00:25:09.602Z",1958.174,1958.299
"exness","XAUUSD","2023-06-19 00:25:10.198Z",1958.136,1958.261
"exness","XAUUSD","2023-06-19 00:25:10.221Z",1958.101,1958.226
"exness","XAUUSD","2023-06-19 00:25:11.303Z",1958.091,1958.216
"exness","XAUUSD","2023-06-19 00:25:12.544Z",1958.092,1958.217
"exness","XAUUSD","2023-06-19 00:25:14.571Z",1958.091,1958.216
"exness","XAUUSD","2023-06-19 00:25:16.184Z",1958.092,1958.217
"exness","XAUUSD","2023-06-19 00:25:17.256Z",1958.093,1958.218
"exness","XAUUSD","2023-06-19 00:25:17.301Z",1958.126,1958.251
"exness","XAUUSD","2023-06-19 00:25:17.308Z",1958.171,1958.296
"exness","XAUUSD","2023-06-19 00:25:17.322Z",1958.205,1958.33
"exness","XAUUSD","2023-06-19 00:25:17.363Z",1958.237,1958.362
"exness","XAUUSD","2023-06-19 00:25:18.405Z",1958.251,1958.376
"exness","XAUUSD","2023-06-19 00:25:19.555Z",1958.271,1958.396
"exness","XAUUSD","2023-06-19 00:25:23.219Z",1958.28,1958.405
"exness","XAUUSD","2023-06-19 00:25:24.071Z",1958.311,1958.436
"exness","XAUUSD","2023-06-19 00:25:24.076Z",1958.342,1958.467
"exness","XAUUSD","2023-06-19 00:25:24.084Z",1958.377,1958.502
"exness","XAUUSD","2023-06-19 00:25:24.090Z",1958.409,1958.534
"exness","XAUUSD","2023-06-19 00:25:24.175Z",1958.441,1958.566
"exness","XAUUSD","2023-06-19 00:25:25.885Z",1958.448,1958.573
"exness","XAUUSD","2023-06-19 00:25:26.891Z",1958.447,1958.572
"exness","XAUUSD","2023-06-19 00:25:27.970Z",1958.461,1958.586
"exness","XAUUSD","2023-06-19 00:25:29.246Z",1958.456,1958.581
"exness","XAUUSD","2023-06-19 00:25:30.429Z",1958.449,1958.574
"exness","XAUUSD","2023-06-19 00:25:30.446Z",1958.418,1958.543
"exness","XAUUSD","2023-06-19 00:25:30.452Z",1958.386,1958.511
"exness","XAUUSD","2023-06-19 00:25:31.000Z",1958.417,1958.542
"exness","XAUUSD","2023-06-19 00:25:31.024Z",1958.451,1958.576
"exness","XAUUSD","2023-06-19 00:25:32.149Z",1958.438,1958.563
"exness","XAUUSD","2023-06-19 00:25:32.191Z",1958.469,1958.594
"exness","XAUUSD","2023-06-19 00:25:32.981Z",1958.5,1958.625
"exness","XAUUSD","2023-06-19 00:25:33.291Z",1958.532,1958.657
"exness","XAUUSD","2023-06-19 00:25:33.865Z",1958.569,1958.694
"exness","XAUUSD","2023-06-19 00:25:36.238Z",1958.575,1958.7
"exness","XAUUSD","2023-06-19 00:25:38.597Z",1958.584,1958.709
"exness","XAUUSD","2023-06-19 00:25:41.115Z",1958.59,1958.715
"exness","XAUUSD","2023-06-19 00:25:41.136Z",1958.62,1958.745
"exness","XAUUSD","2023-06-19 00:25:41.148Z",1958.665,1958.79
"exness","XAUUSD","2023-06-19 00:25:41.187Z",1958.696,1958.821
"exness","XAUUSD","2023-06-19 00:25:42.187Z",1958.7,1958.825
"exness","XAUUSD","2023-06-19 00:25:44.480Z",1958.696,1958.821
"exness","XAUUSD","2023-06-19 00:25:45.617Z",1958.694,1958.819
"exness","XAUUSD","2023-06-19 00:25:45.847Z",1958.663,1958.788
"exness","XAUUSD","2023-06-19 00:25:45.855Z",1958.622,1958.747
"exness","XAUUSD","2023-06-19 00:25:46.917Z",1958.606,1958.731
"exness","XAUUSD","2023-06-19 00:25:48.244Z",1958.604,1958.729
"exness","XAUUSD","2023-06-19 00:25:48.601Z",1958.572,1958.697
"exness","XAUUSD","2023-06-19 00:25:48.610Z",1958.539,1958.664
"exness","XAUUSD","2023-06-19 00:25:49.661Z",1958.54,1958.665
"exness","XAUUSD","2023-06-19 00:25:50.722Z",1958.539,1958.664
"exness","XAUUSD","2023-06-19 00:25:51.295Z",1958.57,1958.695
"exness","XAUUSD","2023-06-19 00:25:52.515Z",1958.571,1958.696
"exness","XAUUSD","2023-06-19 00:25:53.307Z",1958.603,1958.728
"exness","XAUUSD","2023-06-19 00:25:54.314Z",1958.624,1958.749
"exness","XAUUSD","2023-06-19 00:25:54.344Z",1958.586,1958.711
"exness","XAUUSD","2023-06-19 00:25:54.360Z",1958.549,1958.674
"exness","XAUUSD","2023-06-19 00:25:56.009Z",1958.545,1958.67
"exness","XAUUSD","2023-06-19 00:25:57.016Z",1958.542,1958.667
"exness","XAUUSD","2023-06-19 00:25:58.832Z",1958.528,1958.653
"exness","XAUUSD","2023-06-19 00:26:00.136Z",1958.529,1958.654
"exness","XAUUSD","2023-06-19 00:26:01.713Z",1958.532,1958.657
"exness","XAUUSD","2023-06-19 00:26:02.893Z",1958.533,1958.658
"exness","XAUUSD","2023-06-19 00:26:05.228Z",1958.488,1958.613
"exness","XAUUSD","2023-06-19 00:26:05.240Z",1958.442,1958.567
"exness","XAUUSD","2023-06-19 00:26:06.336Z",1958.44,1958.565
"exness","XAUUSD","2023-06-19 00:26:06.681Z",1958.399,1958.524
"exness","XAUUSD","2023-06-19 00:26:06.693Z",1958.367,1958.492
"exness","XAUUSD","2023-06-19 00:26:06.711Z",1958.328,1958.453
"exness","XAUUSD","2023-06-19 00:26:06.726Z",1958.297,1958.422
"exness","XAUUSD","2023-06-19 00:26:07.252Z",1958.267,1958.392
"exness","XAUUSD","2023-06-19 00:26:07.318Z",1958.3,1958.425
"exness","XAUUSD","2023-06-19 00:26:08.321Z",1958.33,1958.455
"exness","XAUUSD","2023-06-19 00:26:08.597Z",1958.297,1958.422
"exness","XAUUSD","2023-06-19 00:26:08.611Z",1958.266,1958.391
"exness","XAUUSD","2023-06-19 00:26:08.640Z",1958.235,1958.36
"exness","XAUUSD","2023-06-19 00:26:09.500Z",1958.267,1958.392
"exness","XAUUSD","2023-06-19 00:26:09.506Z",1958.305,1958.43
"exness","XAUUSD","2023-06-19 00:26:12.039Z",1958.328,1958.453
"exness","XAUUSD","2023-06-19 00:26:12.729Z",1958.364,1958.489
"exness","XAUUSD","2023-06-19 00:26:12.751Z",1958.398,1958.523
"exness","XAUUSD","2023-06-19 00:26:14.008Z",1958.419,1958.544
"exness","XAUUSD","2023-06-19 00:26:16.319Z",1958.422,1958.547
"exness","XAUUSD","2023-06-19 00:26:16.679Z",1958.381,1958.506
"exness","XAUUSD","2023-06-19 00:26:16.699Z",1958.349,1958.474
"exness","XAUUSD","2023-06-19 00:26:17.757Z",1958.341,1958.466
"exness","XAUUSD","2023-06-19 00:26:18.842Z",1958.315,1958.44
"exness","XAUUSD","2023-06-19 00:26:18.860Z",1958.276,1958.401
"exness","XAUUSD","2023-06-19 00:26:18.947Z",1958.313,1958.438
"exness","XAUUSD","2023-06-19 00:26:19.358Z",1958.28,1958.405
"exness","XAUUSD","2023-06-19 00:26:19.387Z",1958.247,1958.372
"exness","XAUUSD","2023-06-19 00:26:19.819Z",1958.278,1958.403
"exness","XAUUSD","2023-06-19 00:26:19.861Z",1958.309,1958.434
"exness","XAUUSD","2023-06-19 00:26:20.871Z",1958.31,1958.435
"exness","XAUUSD","2023-06-19 00:26:21.062Z",1958.272,1958.397
"exness","XAUUSD","2023-06-19 00:26:21.070Z",1958.237,1958.362
"exness","XAUUSD","2023-06-19 00:26:22.206Z",1958.236,1958.361
"exness","XAUUSD","2023-06-19 00:26:23.991Z",1958.24,1958.365
"exness","XAUUSD","2023-06-19 00:26:25.006Z",1958.237,1958.362
"exness","XAUUSD","2023-06-19 00:26:28.600Z",1958.236,1958.361
"exness","XAUUSD","2023-06-19 00:26:28.643Z",1958.199,1958.324
"exness","XAUUSD","2023-06-19 00:26:28.653Z",1958.161,1958.286
"exness","XAUUSD","2023-06-19 00:26:28.673Z",1958.128,1958.253
"exness","XAUUSD","2023-06-19 00:26:30.010Z",1958.141,1958.266
"exness","XAUUSD","2023-06-19 00:26:31.756Z",1958.125,1958.25
"exness","XAUUSD","2023-06-19 00:26:31.763Z",1958.092,1958.217
"exness","XAUUSD","2023-06-19 00:26:31.784Z",1958.048,1958.173
"exness","XAUUSD","2023-06-19 00:26:33.008Z",1958.05,1958.175
"exness","XAUUSD","2023-06-19 00:26:34.831Z",1958.046,1958.171
"exness","XAUUSD","2023-06-19 00:26:37.270Z",1958.033,1958.158
"exness","XAUUSD","2023-06-19 00:26:39.348Z",1958.036,1958.161
"exness","XAUUSD","2023-06-19 00:26:40.822Z",1958.038,1958.163
"exness","XAUUSD","2023-06-19 00:26:41.924Z",1958.039,1958.164
"exness","XAUUSD","2023-06-19 00:26:44.230Z",1958.041,1958.166
"exness","XAUUSD","2023-06-19 00:26:45.294Z",1958.05,1958.175
"exness","XAUUSD","2023-06-19 00:26:47.491Z",1958.051,1958.176
"exness","XAUUSD","2023-06-19 00:26:54.471Z",1958.052,1958.177
"exness","XAUUSD","2023-06-19 00:27:01.105Z",1958.072,1958.197
"exness","XAUUSD","2023-06-19 00:27:01.175Z",1958.106,1958.231
"exness","XAUUSD","2023-06-19 00:27:04.773Z",1958.124,1958.249
"exness","XAUUSD","2023-06-19 00:27:04.787Z",1958.087,1958.212
"exness","XAUUSD","2023-06-19 00:27:04.798Z",1958.045,1958.17
"exness","XAUUSD","2023-06-19 00:27:05.795Z",1958.064,1958.189
"exness","XAUUSD","2023-06-19 00:27:06.803Z",1958.051,1958.176
"exness","XAUUSD","2023-06-19 00:27:06.930Z",1958.02,1958.145
"exness","XAUUSD","2023-06-19 00:27:07.109Z",1957.99,1958.115
"exness","XAUUSD","2023-06-19 00:27:07.116Z",1957.959,1958.084
"exness","XAUUSD","2023-06-19 00:27:07.163Z",1957.927,1958.052
"exness","XAUUSD","2023-06-19 00:27:08.517Z",1957.952,1958.077
"exness","XAUUSD","2023-06-19 00:27:14.549Z",1957.954,1958.079
"exness","XAUUSD","2023-06-19 00:27:17.391Z",1957.955,1958.08
"exness","XAUUSD","2023-06-19 00:27:17.410Z",1957.99,1958.115
"exness","XAUUSD","2023-06-19 00:27:17.451Z",1958.025,1958.15
"exness","XAUUSD","2023-06-19 00:27:18.071Z",1957.991,1958.116
"exness","XAUUSD","2023-06-19 00:27:18.117Z",1957.959,1958.084
"exness","XAUUSD","2023-06-19 00:27:18.553Z",1957.992,1958.117
"exness","XAUUSD","2023-06-19 00:27:18.595Z",1958.024,1958.149
"exness","XAUUSD","2023-06-19 00:27:20.097Z",1958.028,1958.153
"exness","XAUUSD","2023-06-19 00:27:24.869Z",1958.03,1958.155
"exness","XAUUSD","2023-06-19 00:27:25.935Z",1958.027,1958.152
"exness","XAUUSD","2023-06-19 00:27:25.952Z",1957.99,1958.115
"exness","XAUUSD","2023-06-19 00:27:25.959Z",1957.96,1958.085
"exness","XAUUSD","2023-06-19 00:27:25.966Z",1957.922,1958.047
"exness","XAUUSD","2023-06-19 00:27:25.975Z",1957.883,1958.008
"exness","XAUUSD","2023-06-19 00:27:25.983Z",1957.851,1957.976
"exness","XAUUSD","2023-06-19 00:27:26.097Z",1957.883,1958.008
"exness","XAUUSD","2023-06-19 00:27:26.242Z",1957.918,1958.043
"exness","XAUUSD","2023-06-19 00:27:26.400Z",1957.948,1958.073
"exness","XAUUSD","2023-06-19 00:27:26.573Z",1957.986,1958.111
"exness","XAUUSD","2023-06-19 00:27:28.154Z",1958.005,1958.13
"exness","XAUUSD","2023-06-19 00:27:28.371Z",1957.971,1958.096
"exness","XAUUSD","2023-06-19 00:27:28.388Z",1957.94,1958.065
"exness","XAUUSD","2023-06-19 00:27:29.881Z",1957.952,1958.077
"exness","XAUUSD","2023-06-19 00:27:30.497Z",1957.99,1958.115
"exness","XAUUSD","2023-06-19 00:27:30.530Z",1958.025,1958.15
"exness","XAUUSD","2023-06-19 00:27:33.395Z",1958.032,1958.157
"exness","XAUUSD","2023-06-19 00:27:33.418Z",1957.99,1958.115
"exness","XAUUSD","2023-06-19 00:27:33.650Z",1957.959,1958.084
"exness","XAUUSD","2023-06-19 00:27:33.841Z",1957.994,1958.119
"exness","XAUUSD","2023-06-19 00:27:36.157Z",1958.021,1958.146
"exness","XAUUSD","2023-06-19 00:27:36.216Z",1958.052,1958.177
"exness","XAUUSD","2023-06-19 00:27:39.164Z",1958.056,1958.181
"exness","XAUUSD","2023-06-19 00:27:42.438Z",1958.062,1958.187
"exness","XAUUSD","2023-06-19 00:27:44.562Z",1958.058,1958.183
"exness","XAUUSD","2023-06-19 00:27:45.594Z",1958.055,1958.18
"exness","XAUUSD","2023-06-19 00:27:47.678Z",1958.054,1958.179
"exness","XAUUSD","2023-06-19 00:27:56.346Z",1958.053,1958.178
"exness","XAUUSD","2023-06-19 00:27:57.353Z",1958.076,1958.201
"exness","XAUUSD","2023-06-19 00:27:57.378Z",1958.107,1958.232
"exness","XAUUSD","2023-06-19 00:27:59.546Z",1958.128,1958.253
"exness","XAUUSD","2023-06-19 00:27:59.555Z",1958.091,1958.216
"exness","XAUUSD","2023-06-19 00:27:59.567Z",1958.057,1958.182
"exness","XAUUSD","2023-06-19 00:27:59.607Z",1958.024,1958.149
"exness","XAUUSD","2023-06-19 00:28:00.640Z",1958.044,1958.169
"exness","XAUUSD","2023-06-19 00:28:02.080Z",1958.049,1958.174
"exness","XAUUSD","2023-06-19 00:28:02.595Z",1958.087,1958.212
"exness","XAUUSD","2023-06-19 00:28:02.716Z",1958.117,1958.242
"exness","XAUUSD","2023-06-19 00:28:04.438Z",1958.138,1958.263
"exness","XAUUSD","2023-06-19 00:28:05.720Z",1958.139,1958.264
"exness","XAUUSD","2023-06-19 00:28:09.877Z",1958.137,1958.262
"exness","XAUUSD","2023-06-19 00:28:11.672Z",1958.127,1958.252
"exness","XAUUSD","2023-06-19 00:28:12.686Z",1958.134,1958.259
"exness","XAUUSD","2023-06-19 00:28:18.027Z",1958.135,1958.26
"exness","XAUUSD","2023-06-19 00:28:19.436Z",1958.132,1958.257
"exness","XAUUSD","2023-06-19 00:28:25.039Z",1958.137,1958.262
"exness","XAUUSD","2023-06-19 00:28:25.079Z",1958.172,1958.297
"exness","XAUUSD","2023-06-19 00:28:25.086Z",1958.206,1958.331
"exness","XAUUSD","2023-06-19 00:28:25.142Z",1958.237,1958.362
"exness","XAUUSD","2023-06-19 00:28:26.561Z",1958.247,1958.372
"exness","XAUUSD","2023-06-19 00:28:28.896Z",1958.246,1958.371
"exness","XAUUSD","2023-06-19 00:28:30.912Z",1958.245,1958.37
"exness","XAUUSD","2023-06-19 00:28:35.269Z",1958.243,1958.368
"exness","XAUUSD","2023-06-19 00:28:36.477Z",1958.249,1958.374
"exness","XAUUSD","2023-06-19 00:28:36.494Z",1958.284,1958.409
"exness","XAUUSD","2023-06-19 00:28:36.535Z",1958.318,1958.443
"exness","XAUUSD","2023-06-19 00:28:38.463Z",1958.334,1958.459
"exness","XAUUSD","2023-06-19 00:28:40.472Z",1958.335,1958.46
"exness","XAUUSD","2023-06-19 00:28:43.365Z",1958.336,1958.461
"exness","XAUUSD","2023-06-19 00:28:50.893Z",1958.337,1958.462
"exness","XAUUSD","2023-06-19 00:28:56.008Z",1958.311,1958.436
"exness","XAUUSD","2023-06-19 00:29:00.101Z",1958.332,1958.457
"exness","XAUUSD","2023-06-19 00:29:03.213Z",1958.334,1958.459
"exness","XAUUSD","2023-06-19 00:29:03.260Z",1958.298,1958.423
"exness","XAUUSD","2023-06-19 00:29:03.273Z",1958.267,1958.392
"exness","XAUUSD","2023-06-19 00:29:04.748Z",1958.255,1958.38
"exness","XAUUSD","2023-06-19 00:29:06.051Z",1958.252,1958.377
"exness","XAUUSD","2023-06-19 00:29:06.091Z",1958.283,1958.408
"exness","XAUUSD","2023-06-19 00:29:06.376Z",1958.252,1958.377
"exness","XAUUSD","2023-06-19 00:29:06.472Z",1958.22,1958.345
"exness","XAUUSD","2023-06-19 00:29:12.000Z",1958.229,1958.354
"exness","XAUUSD","2023-06-19 00:29:12.007Z",1958.199,1958.324
"exness","XAUUSD","2023-06-19 00:29:12.455Z",1958.166,1958.291
"exness","XAUUSD","2023-06-19 00:29:13.724Z",1958.192,1958.317
"exness","XAUUSD","2023-06-19 00:29:14.756Z",1958.22,1958.345
"exness","XAUUSD","2023-06-19 00:29:17.164Z",1958.231,1958.356
"exness","XAUUSD","2023-06-19 00:29:19.450Z",1958.232,1958.357
"exness","XAUUSD","2023-06-19 00:29:20.774Z",1958.235,1958.36
"exness","XAUUSD","2023-06-19 00:29:22.605Z",1958.236,1958.361
"exness","XAUUSD","2023-06-19 00:29:25.232Z",1958.232,1958.357
"exness","XAUUSD","2023-06-19 00:29:26.161Z",1958.184,1958.309
"exness","XAUUSD","2023-06-19 00:29:26.168Z",1958.152,1958.277
"exness","XAUUSD","2023-06-19 00:29:28.014Z",1958.151,1958.276
"exness","XAUUSD","2023-06-19 00:29:29.814Z",1958.152,1958.277
"exness","XAUUSD","2023-06-19 00:29:31.946Z",1958.153,1958.278
"exness","XAUUSD","2023-06-19 00:29:34.169Z",1958.145,1958.27
"exness","XAUUSD","2023-06-19 00:29:35.381Z",1958.144,1958.269
"exness","XAUUSD","2023-06-19 00:29:36.433Z",1958.149,1958.274
"exness","XAUUSD","2023-06-19 00:29:37.482Z",1958.137,1958.262
"exness","XAUUSD","2023-06-19 00:29:39.582Z",1958.136,1958.261
"exness","XAUUSD","2023-06-19 00:29:40.632Z",1958.13,1958.255
"exness","XAUUSD","2023-06-19 00:29:46.912Z",1958.104,1958.229
"exness","XAUUSD","2023-06-19 00:29:50.249Z",1958.133,1958.258
"exness","XAUUSD","2023-06-19 00:29:51.446Z",1958.151,1958.276
"exness","XAUUSD","2023-06-19 00:29:52.113Z",1958.117,1958.242
"exness","XAUUSD","2023-06-19 00:29:52.125Z",1958.084,1958.209
"exness","XAUUSD","2023-06-19 00:29:52.142Z",1958.048,1958.173
"exness","XAUUSD","2023-06-19 00:29:54.004Z",1958.064,1958.189
"exness","XAUUSD","2023-06-19 00:30:00.173Z",1958.066,1958.191
"exness","XAUUSD","2023-06-19 00:30:01.314Z",1958.045,1958.17
"exness","XAUUSD","2023-06-19 00:30:02.416Z",1958.042,1958.167
"exness","XAUUSD","2023-06-19 00:30:03.494Z",1958.041,1958.166
"exness","XAUUSD","2023-06-19 00:30:04.766Z",1958.031,1958.156
"exness","XAUUSD","2023-06-19 00:30:06.794Z",1958.028,1958.153
"exness","XAUUSD","2023-06-19 00:30:10.571Z",1958.011,1958.136
"exness","XAUUSD","2023-06-19 00:30:11.096Z",1958.042,1958.167
"exness","XAUUSD","2023-06-19 00:30:11.909Z",1958.01,1958.135
"exness","XAUUSD","2023-06-19 00:30:11.928Z",1957.979,1958.104
"exness","XAUUSD","2023-06-19 00:30:11.948Z",1957.946,1958.071
"exness","XAUUSD","2023-06-19 00:30:13.008Z",1957.954,1958.079
"exness","XAUUSD","2023-06-19 00:30:14.398Z",1957.956,1958.081
"exness","XAUUSD","2023-06-19 00:30:15.877Z",1957.958,1958.083
"exness","XAUUSD","2023-06-19 00:30:16.672Z",1957.993,1958.118
"exness","XAUUSD","2023-06-19 00:30:16.680Z",1958.024,1958.149
"exness","XAUUSD","2023-06-19 00:30:17.892Z",1958.036,1958.161
"exness","XAUUSD","2023-06-19 00:30:18.944Z",1958.038,1958.163
"exness","XAUUSD","2023-06-19 00:30:20.991Z",1958.039,1958.164
"exness","XAUUSD","2023-06-19 00:30:21.009Z",1958.079,1958.204
"exness","XAUUSD","2023-06-19 00:30:21.017Z",1958.11,1958.235
"exness","XAUUSD","2023-06-19 00:30:21.981Z",1958.141,1958.266
"exness","XAUUSD","2023-06-19 00:30:24.568Z",1958.142,1958.267
"exness","XAUUSD","2023-06-19 00:30:26.914Z",1958.144,1958.269
"exness","XAUUSD","2023-06-19 00:30:30.546Z",1958.139,1958.264
"exness","XAUUSD","2023-06-19 00:30:31.694Z",1958.142,1958.267
"exness","XAUUSD","2023-06-19 00:30:34.951Z",1958.146,1958.271
"exness","XAUUSD","2023-06-19 00:30:41.063Z",1958.147,1958.272
"exness","XAUUSD","2023-06-19 00:30:42.154Z",1958.127,1958.252
"exness","XAUUSD","2023-06-19 00:30:42.162Z",1958.095,1958.22
"exness","XAUUSD","2023-06-19 00:30:42.342Z",1958.13,1958.255
"exness","XAUUSD","2023-06-19 00:30:44.552Z",1958.14,1958.265
"exness","XAUUSD","2023-06-19 00:30:46.144Z",1958.143,1958.268
"exness","XAUUSD","2023-06-19 00:30:46.157Z",1958.112,1958.237
"exness","XAUUSD","2023-06-19 00:30:46.165Z",1958.079,1958.204
"exness","XAUUSD","2023-06-19 00:30:46.171Z",1958.039,1958.164
"exness","XAUUSD","2023-06-19 00:30:46.240Z",1958.008,1958.133
"exness","XAUUSD","2023-06-19 00:30:47.430Z",1958.007,1958.132
"exness","XAUUSD","2023-06-19 00:30:49.008Z",1958.005,1958.13
"exness","XAUUSD","2023-06-19 00:30:56.448Z",1958.006,1958.131
"exness","XAUUSD","2023-06-19 00:30:57.871Z",1958.011,1958.136
"exness","XAUUSD","2023-06-19 00:31:00.178Z",1958.033,1958.158
"exness","XAUUSD","2023-06-19 00:31:01.564Z",1958.044,1958.169
"exness","XAUUSD","2023-06-19 00:31:07.132Z",1958.046,1958.171
"exness","XAUUSD","2023-06-19 00:31:10.161Z",1958.047,1958.172
"exness","XAUUSD","2023-06-19 00:31:11.165Z",1958.069,1958.194
"exness","XAUUSD","2023-06-19 00:31:13.560Z",1958.071,1958.196
"exness","XAUUSD","2023-06-19 00:31:13.591Z",1958.105,1958.23
"exness","XAUUSD","2023-06-19 00:31:13.709Z",1958.071,1958.196
"exness","XAUUSD","2023-06-19 00:31:14.758Z",1958.095,1958.22
"exness","XAUUSD","2023-06-19 00:31:14.864Z",1958.063,1958.188
"exness","XAUUSD","2023-06-19 00:31:15.869Z",1958.062,1958.187
"exness","XAUUSD","2023-06-19 00:31:16.890Z",1958.058,1958.183
"exness","XAUUSD","2023-06-19 00:31:18.573Z",1958.056,1958.181
"exness","XAUUSD","2023-06-19 00:31:18.723Z",1958.023,1958.148
"exness","XAUUSD","2023-06-19 00:31:18.731Z",1957.978,1958.103
"exness","XAUUSD","2023-06-19 00:31:18.750Z",1957.947,1958.072
"exness","XAUUSD","2023-06-19 00:31:18.852Z",1957.916,1958.041
"exness","XAUUSD","2023-06-19 00:31:18.869Z",1957.886,1958.011
"exness","XAUUSD","2023-06-19 00:31:20.780Z",1957.859,1957.984
"exness","XAUUSD","2023-06-19 00:31:21.979Z",1957.856,1957.981
"exness","XAUUSD","2023-06-19 00:31:23.177Z",1957.855,1957.98
"exness","XAUUSD","2023-06-19 00:31:24.477Z",1957.851,1957.976
"exness","XAUUSD","2023-06-19 00:31:27.499Z",1957.849,1957.974
"exness","XAUUSD","2023-06-19 00:31:31.157Z",1957.841,1957.966
"exness","XAUUSD","2023-06-19 00:31:33.424Z",1957.844,1957.969
"exness","XAUUSD","2023-06-19 00:31:35.706Z",1957.839,1957.964
"exness","XAUUSD","2023-06-19 00:31:35.731Z",1957.802,1957.927
"exness","XAUUSD","2023-06-19 00:31:35.746Z",1957.762,1957.887
"exness","XAUUSD","2023-06-19 00:31:37.321Z",1957.734,1957.859
"exness","XAUUSD","2023-06-19 00:31:37.341Z",1957.7,1957.825
"exness","XAUUSD","2023-06-19 00:31:37.380Z",1957.669,1957.794
"exness","XAUUSD","2023-06-19 00:31:38.381Z",1957.679,1957.804
"exness","XAUUSD","2023-06-19 00:31:38.412Z",1957.718,1957.843
"exness","XAUUSD","2023-06-19 00:31:39.419Z",1957.689,1957.814
"exness","XAUUSD","2023-06-19 00:31:39.576Z",1957.659,1957.784
"exness","XAUUSD","2023-06-19 00:31:39.590Z",1957.622,1957.747
"exness","XAUUSD","2023-06-19 00:31:40.746Z",1957.626,1957.751
"exness","XAUUSD","2023-06-19 00:31:41.287Z",1957.596,1957.721
"exness","XAUUSD","2023-06-19 00:31:41.935Z",1957.627,1957.752
"exness","XAUUSD","2023-06-19 00:31:43.210Z",1957.638,1957.763
"exness","XAUUSD","2023-06-19 00:31:44.553Z",1957.668,1957.793
"exness","XAUUSD","2023-06-19 00:31:45.565Z",1957.675,1957.8
"exness","XAUUSD","2023-06-19 00:31:46.569Z",1957.681,1957.806
"exness","XAUUSD","2023-06-19 00:31:47.787Z",1957.68,1957.805
"exness","XAUUSD","2023-06-19 00:31:48.946Z",1957.713,1957.838
"exness","XAUUSD","2023-06-19 00:31:49.982Z",1957.733,1957.858
"exness","XAUUSD","2023-06-19 00:31:51.193Z",1957.731,1957.856
"exness","XAUUSD","2023-06-19 00:31:51.201Z",1957.699,1957.824
"exness","XAUUSD","2023-06-19 00:31:51.233Z",1957.665,1957.79
"exness","XAUUSD","2023-06-19 00:31:53.009Z",1957.675,1957.8
"exness","XAUUSD","2023-06-19 00:31:54.961Z",1957.676,1957.801
"exness","XAUUSD","2023-06-19 00:32:00.164Z",1957.677,1957.802
"exness","XAUUSD","2023-06-19 00:32:03.768Z",1957.679,1957.804
"exness","XAUUSD","2023-06-19 00:32:05.001Z",1957.681,1957.806
"exness","XAUUSD","2023-06-19 00:32:06.226Z",1957.669,1957.794
"exness","XAUUSD","2023-06-19 00:32:08.559Z",1957.667,1957.792
"exness","XAUUSD","2023-06-19 00:32:09.788Z",1957.664,1957.789
"exness","XAUUSD","2023-06-19 00:32:10.960Z",1957.661,1957.786
"exness","XAUUSD","2023-06-19 00:32:13.460Z",1957.659,1957.784
"exness","XAUUSD","2023-06-19 00:32:18.115Z",1957.658,1957.783
"exness","XAUUSD","2023-06-19 00:32:21.080Z",1957.653,1957.778
"exness","XAUUSD","2023-06-19 00:32:23.342Z",1957.652,1957.777
"exness","XAUUSD","2023-06-19 00:32:25.157Z",1957.634,1957.759
"exness","XAUUSD","2023-06-19 00:32:27.058Z",1957.63,1957.755
"exness","XAUUSD","2023-06-19 00:32:28.572Z",1957.643,1957.768
"exness","XAUUSD","2023-06-19 00:32:29.933Z",1957.65,1957.775
"exness","XAUUSD","2023-06-19 00:32:34.015Z",1957.645,1957.77
"exness","XAUUSD","2023-06-19 00:32:35.163Z",1957.647,1957.772
"exness","XAUUSD","2023-06-19 00:32:36.755Z",1957.648,1957.773
"exness","XAUUSD","2023-06-19 00:32:38.445Z",1957.65,1957.775
"exness","XAUUSD","2023-06-19 00:32:39.837Z",1957.648,1957.773
"exness","XAUUSD","2023-06-19 00:32:42.119Z",1957.65,1957.775
"exness","XAUUSD","2023-06-19 00:32:43.328Z",1957.653,1957.778
"exness","XAUUSD","2023-06-19 00:32:47.230Z",1957.657,1957.782
"exness","XAUUSD","2023-06-19 00:32:53.420Z",1957.655,1957.78
"exness","XAUUSD","2023-06-19 00:32:54.300Z",1957.622,1957.747
"exness","XAUUSD","2023-06-19 00:32:54.307Z",1957.575,1957.7
"exness","XAUUSD","2023-06-19 00:32:54.317Z",1957.542,1957.667
"exness","XAUUSD","2023-06-19 00:32:54.335Z",1957.495,1957.62
"exness","XAUUSD","2023-06-19 00:32:54.361Z",1957.461,1957.586
"exness","XAUUSD","2023-06-19 00:32:56.990Z",1957.463,1957.588
"exness","XAUUSD","2023-06-19 00:32:58.579Z",1957.454,1957.579
"exness","XAUUSD","2023-06-19 00:32:59.616Z",1957.459,1957.584
"exness","XAUUSD","2023-06-19 00:32:59.679Z",1957.427,1957.552
"exness","XAUUSD","2023-06-19 00:32:59.721Z",1957.395,1957.52
"exness","XAUUSD","2023-06-19 00:32:59.776Z",1957.364,1957.489
"exness","XAUUSD","2023-06-19 00:33:01.338Z",1957.351,1957.476
"exness","XAUUSD","2023-06-19 00:33:02.748Z",1957.339,1957.464
"exness","XAUUSD","2023-06-19 00:33:03.933Z",1957.331,1957.456
"exness","XAUUSD","2023-06-19 00:33:04.198Z",1957.366,1957.491
"exness","XAUUSD","2023-06-19 00:33:05.203Z",1957.35,1957.475
"exness","XAUUSD","2023-06-19 00:33:06.423Z",1957.334,1957.459
"exness","XAUUSD","2023-06-19 00:33:07.870Z",1957.331,1957.456
"exness","XAUUSD","2023-06-19 00:33:08.326Z",1957.362,1957.487
"exness","XAUUSD","2023-06-19 00:33:10.777Z",1957.371,1957.496
"exness","XAUUSD","2023-06-19 00:33:12.737Z",1957.372,1957.497
"exness","XAUUSD","2023-06-19 00:33:14.301Z",1957.373,1957.498
"exness","XAUUSD","2023-06-19 00:33:16.043Z",1957.374,1957.499
"exness","XAUUSD","2023-06-19 00:33:16.093Z",1957.409,1957.534
"exness","XAUUSD","2023-06-19 00:33:16.170Z",1957.441,1957.566
"exness","XAUUSD","2023-06-19 00:33:17.359Z",1957.467,1957.592
"exness","XAUUSD","2023-06-19 00:33:18.367Z",1957.468,1957.593
"exness","XAUUSD","2023-06-19 00:33:19.479Z",1957.476,1957.601
"exness","XAUUSD","2023-06-19 00:33:19.517Z",1957.506,1957.631
"exness","XAUUSD","2023-06-19 00:33:20.889Z",1957.515,1957.64
"exness","XAUUSD","2023-06-19 00:33:20.917Z",1957.47,1957.595
"exness","XAUUSD","2023-06-19 00:33:22.124Z",1957.473,1957.598
