"Exness","Symbol","Timestamp","Bid","Ask"
"exness","EURUSD","2023-06-28 00:00:00.865Z",1.09572,1.09578
"exness","EURUSD","2023-06-28 00:00:02.028Z",1.09571,1.09578
"exness","EURUSD","2023-06-28 00:00:03.033Z",1.0957,1.09577
"exness","EURUSD","2023-06-28 00:00:04.083Z",1.09571,1.09576
"exness","EURUSD","2023-06-28 00:00:05.386Z",1.0957,1.09576
"exness","EURUSD","2023-06-28 00:00:06.132Z",1.09569,1.09575
"exness","EURUSD","2023-06-28 00:00:06.503Z",1.0957,1.09576
"exness","EURUSD","2023-06-28 00:00:07.785Z",1.09571,1.09576
"exness","EURUSD","2023-06-28 00:00:08.876Z",1.09571,1.09577
"exness","EURUSD","2023-06-28 00:00:09.262Z",1.09569,1.09575
"exness","EURUSD","2023-06-28 00:00:10.017Z",1.09569,1.09574
"exness","EURUSD","2023-06-28 00:00:11.155Z",1.09568,1.09573
"exness","EURUSD","2023-06-28 00:00:11.669Z",1.09569,1.09575
"exness","EURUSD","2023-06-28 00:00:11.728Z",1.0957,1.09577
"exness","EURUSD","2023-06-28 00:00:12.834Z",1.09571,1.09577
"exness","EURUSD","2023-06-28 00:00:15.602Z",1.09571,1.09578
"exness","EURUSD","2023-06-28 00:00:17.877Z",1.09572,1.09578
"exness","EURUSD","2023-06-28 00:00:26.224Z",1.09573,1.09579
"exness","EURUSD","2023-06-28 00:00:26.254Z",1.09575,1.0958
"exness","EURUSD","2023-06-28 00:00:26.264Z",1.09575,1.09581
"exness","EURUSD","2023-06-28 00:00:27.611Z",1.09575,1.09582
"exness","EURUSD","2023-06-28 00:00:28.810Z",1.09575,1.09581
"exness","EURUSD","2023-06-28 00:00:29.822Z",1.09576,1.09582
"exness","EURUSD","2023-06-28 00:00:31.511Z",1.09575,1.0958
"exness","EURUSD","2023-06-28 00:00:33.022Z",1.09575,1.09581
"exness","EURUSD","2023-06-28 00:00:35.395Z",1.09574,1.0958
"exness","EURUSD","2023-06-28 00:00:35.405Z",1.09572,1.09578
"exness","EURUSD","2023-06-28 00:00:35.428Z",1.0957,1.09577
"exness","EURUSD","2023-06-28 00:00:35.506Z",1.0957,1.09575
"exness","EURUSD","2023-06-28 00:00:35.522Z",1.09568,1.09575
"exness","EURUSD","2023-06-28 00:00:35.563Z",1.09567,1.09573
"exness","EURUSD","2023-06-28 00:00:36.001Z",1.09569,1.09574
"exness","EURUSD","2023-06-28 00:00:37.058Z",1.09568,1.09575
"exness","EURUSD","2023-06-28 00:00:38.553Z",1.09569,1.09575
"exness","EURUSD","2023-06-28 00:00:39.296Z",1.09567,1.09573
"exness","EURUSD","2023-06-28 00:00:40.555Z",1.09565,1.09572
"exness","EURUSD","2023-06-28 00:00:41.783Z",1.09566,1.09571
"exness","EURUSD","2023-06-28 00:00:42.372Z",1.09564,1.09571
"exness","EURUSD","2023-06-28 00:00:42.536Z",1.09563,1.09569
"exness","EURUSD","2023-06-28 00:00:43.015Z",1.09561,1.09568
"exness","EURUSD","2023-06-28 00:00:43.034Z",1.0956,1.09566
"exness","EURUSD","2023-06-28 00:00:43.112Z",1.09558,1.09564
"exness","EURUSD","2023-06-28 00:00:43.336Z",1.09557,1.09562
"exness","EURUSD","2023-06-28 00:00:44.504Z",1.09557,1.09563
"exness","EURUSD","2023-06-28 00:00:46.989Z",1.09558,1.09564
"exness","EURUSD","2023-06-28 00:00:49.002Z",1.09559,1.09565
"exness","EURUSD","2023-06-28 00:00:50.424Z",1.0956,1.09566
"exness","EURUSD","2023-06-28 00:00:52.702Z",1.0956,1.09565
"exness","EURUSD","2023-06-28 00:00:54.329Z",1.0956,1.09566
"exness","EURUSD","2023-06-28 00:01:02.613Z",1.0956,1.09565
"exness","EURUSD","2023-06-28 00:01:03.941Z",1.09561,1.09566
"exness","EURUSD","2023-06-28 00:01:05.035Z",1.0956,1.09566
"exness","EURUSD","2023-06-28 00:01:05.832Z",1.09558,1.09565
"exness","EURUSD","2023-06-28 00:01:07.480Z",1.0956,1.09566
"exness","EURUSD","2023-06-28 00:01:13.461Z",1.09559,1.09564
"exness","EURUSD","2023-06-28 00:01:13.481Z",1.09557,1.09564
"exness","EURUSD","2023-06-28 00:01:13.645Z",1.09556,1.09562
"exness","EURUSD","2023-06-28 00:01:13.804Z",1.09557,1.09562
"exness","EURUSD","2023-06-28 00:01:13.849Z",1.09558,1.09564
"exness","EURUSD","2023-06-28 00:01:13.876Z",1.0956,1.09565
"exness","EURUSD","2023-06-28 00:01:14.087Z",1.09561,1.09566
"exness","EURUSD","2023-06-28 00:01:16.219Z",1.0956,1.09566
"exness","EURUSD","2023-06-28 00:01:20.354Z",1.0956,1.09567
"exness","EURUSD","2023-06-28 00:01:21.715Z",1.0956,1.09566
"exness","EURUSD","2023-06-28 00:01:22.736Z",1.09558,1.09564
"exness","EURUSD","2023-06-28 00:01:23.888Z",1.09558,1.09563
"exness","EURUSD","2023-06-28 00:01:27.388Z",1.09558,1.09564
"exness","EURUSD","2023-06-28 00:01:28.045Z",1.09556,1.09562
"exness","EURUSD","2023-06-28 00:01:28.383Z",1.09558,1.09563
"exness","EURUSD","2023-06-28 00:01:29.491Z",1.09556,1.09563
"exness","EURUSD","2023-06-28 00:01:30.498Z",1.09557,1.09563
"exness","EURUSD","2023-06-28 00:01:32.693Z",1.09556,1.09563
"exness","EURUSD","2023-06-28 00:01:33.769Z",1.09557,1.09563
"exness","EURUSD","2023-06-28 00:01:35.929Z",1.09557,1.09562
"exness","EURUSD","2023-06-28 00:01:37.305Z",1.09556,1.09561
"exness","EURUSD","2023-06-28 00:01:39.472Z",1.09557,1.09563
"exness","EURUSD","2023-06-28 00:01:40.393Z",1.09558,1.09563
"exness","EURUSD","2023-06-28 00:01:40.448Z",1.09559,1.09565
"exness","EURUSD","2023-06-28 00:01:41.557Z",1.09559,1.09566
"exness","EURUSD","2023-06-28 00:01:43.237Z",1.0956,1.09565
"exness","EURUSD","2023-06-28 00:01:46.986Z",1.09561,1.09567
"exness","EURUSD","2023-06-28 00:01:50.419Z",1.0956,1.09567
"exness","EURUSD","2023-06-28 00:01:50.546Z",1.09562,1.09567
"exness","EURUSD","2023-06-28 00:01:50.648Z",1.0956,1.09566
"exness","EURUSD","2023-06-28 00:01:51.083Z",1.09559,1.09564
"exness","EURUSD","2023-06-28 00:01:52.089Z",1.09558,1.09564
"exness","EURUSD","2023-06-28 00:01:52.795Z",1.09557,1.09562
"exness","EURUSD","2023-06-28 00:01:52.829Z",1.09558,1.09564
"exness","EURUSD","2023-06-28 00:01:52.895Z",1.09559,1.09566
"exness","EURUSD","2023-06-28 00:01:54.321Z",1.09561,1.09566
"exness","EURUSD","2023-06-28 00:01:56.751Z",1.0956,1.09566
"exness","EURUSD","2023-06-28 00:01:57.854Z",1.09561,1.09567
"exness","EURUSD","2023-06-28 00:01:58.915Z",1.09561,1.09568
"exness","EURUSD","2023-06-28 00:01:59.357Z",1.09563,1.09569
"exness","EURUSD","2023-06-28 00:01:59.387Z",1.09564,1.09571
"exness","EURUSD","2023-06-28 00:01:59.869Z",1.09566,1.09572
"exness","EURUSD","2023-06-28 00:02:00.879Z",1.09566,1.09573
"exness","EURUSD","2023-06-28 00:02:04.364Z",1.09566,1.09572
"exness","EURUSD","2023-06-28 00:02:04.809Z",1.09568,1.09573
"exness","EURUSD","2023-06-28 00:02:05.537Z",1.09567,1.09573
"exness","EURUSD","2023-06-28 00:02:06.874Z",1.09567,1.09572
"exness","EURUSD","2023-06-28 00:02:07.339Z",1.09567,1.09574
"exness","EURUSD","2023-06-28 00:02:07.386Z",1.09569,1.09575
"exness","EURUSD","2023-06-28 00:02:08.514Z",1.0957,1.09576
"exness","EURUSD","2023-06-28 00:02:11.036Z",1.09569,1.09574
"exness","EURUSD","2023-06-28 00:02:12.742Z",1.09569,1.09575
"exness","EURUSD","2023-06-28 00:02:13.657Z",1.09567,1.09573
"exness","EURUSD","2023-06-28 00:02:15.697Z",1.09566,1.09572
"exness","EURUSD","2023-06-28 00:02:17.343Z",1.09567,1.09572
"exness","EURUSD","2023-06-28 00:02:18.859Z",1.09566,1.09572
"exness","EURUSD","2023-06-28 00:02:24.540Z",1.09567,1.09573
"exness","EURUSD","2023-06-28 00:02:25.550Z",1.09567,1.09572
"exness","EURUSD","2023-06-28 00:02:26.553Z",1.09567,1.09573
"exness","EURUSD","2023-06-28 00:02:32.418Z",1.09566,1.09573
"exness","EURUSD","2023-06-28 00:02:34.461Z",1.09566,1.09572
"exness","EURUSD","2023-06-28 00:02:35.508Z",1.09567,1.09573
"exness","EURUSD","2023-06-28 00:02:36.494Z",1.09569,1.09574
"exness","EURUSD","2023-06-28 00:02:36.560Z",1.09569,1.09575
"exness","EURUSD","2023-06-28 00:02:37.593Z",1.0957,1.09575
"exness","EURUSD","2023-06-28 00:02:38.598Z",1.0957,1.09576
"exness","EURUSD","2023-06-28 00:02:44.200Z",1.0957,1.09575
"exness","EURUSD","2023-06-28 00:02:45.644Z",1.09571,1.09576
"exness","EURUSD","2023-06-28 00:02:46.575Z",1.09571,1.09578
"exness","EURUSD","2023-06-28 00:02:47.061Z",1.09573,1.09578
"exness","EURUSD","2023-06-28 00:02:49.697Z",1.09572,1.09578
"exness","EURUSD","2023-06-28 00:02:50.866Z",1.09573,1.09578
"exness","EURUSD","2023-06-28 00:02:51.924Z",1.09572,1.09578
"exness","EURUSD","2023-06-28 00:02:55.117Z",1.09572,1.09579
"exness","EURUSD","2023-06-28 00:02:56.191Z",1.09573,1.09579
"exness","EURUSD","2023-06-28 00:02:57.285Z",1.09572,1.09579
"exness","EURUSD","2023-06-28 00:03:00.762Z",1.09573,1.09578
"exness","EURUSD","2023-06-28 00:03:02.160Z",1.09572,1.09578
"exness","EURUSD","2023-06-28 00:03:03.161Z",1.09573,1.09579
"exness","EURUSD","2023-06-28 00:03:04.166Z",1.09573,1.09578
"exness","EURUSD","2023-06-28 00:03:04.604Z",1.09572,1.09578
"exness","EURUSD","2023-06-28 00:03:07.010Z",1.09572,1.09577
"exness","EURUSD","2023-06-28 00:03:07.663Z",1.0957,1.09576
"exness","EURUSD","2023-06-28 00:03:09.006Z",1.09571,1.09576
"exness","EURUSD","2023-06-28 00:03:10.400Z",1.09569,1.09576
"exness","EURUSD","2023-06-28 00:03:14.184Z",1.0957,1.09576
"exness","EURUSD","2023-06-28 00:03:14.712Z",1.09572,1.09578
"exness","EURUSD","2023-06-28 00:03:14.847Z",1.09573,1.09579
"exness","EURUSD","2023-06-28 00:03:15.182Z",1.09575,1.0958
"exness","EURUSD","2023-06-28 00:03:18.291Z",1.09574,1.0958
"exness","EURUSD","2023-06-28 00:03:19.402Z",1.09574,1.09581
"exness","EURUSD","2023-06-28 00:03:22.398Z",1.09575,1.09581
"exness","EURUSD","2023-06-28 00:03:22.454Z",1.09573,1.09579
"exness","EURUSD","2023-06-28 00:03:23.001Z",1.09572,1.09577
"exness","EURUSD","2023-06-28 00:03:26.150Z",1.09571,1.09577
"exness","EURUSD","2023-06-28 00:03:36.131Z",1.09569,1.09576
"exness","EURUSD","2023-06-28 00:03:37.143Z",1.09568,1.09575
"exness","EURUSD","2023-06-28 00:03:38.454Z",1.09569,1.09574
"exness","EURUSD","2023-06-28 00:03:40.521Z",1.09569,1.09576
"exness","EURUSD","2023-06-28 00:03:41.921Z",1.0957,1.09575
"exness","EURUSD","2023-06-28 00:03:41.961Z",1.09568,1.09574
"exness","EURUSD","2023-06-28 00:03:43.145Z",1.09569,1.09574
"exness","EURUSD","2023-06-28 00:03:44.292Z",1.09568,1.09574
"exness","EURUSD","2023-06-28 00:03:48.068Z",1.09568,1.09575
"exness","EURUSD","2023-06-28 00:03:54.759Z",1.09569,1.09575
"exness","EURUSD","2023-06-28 00:03:55.995Z",1.09568,1.09574
"exness","EURUSD","2023-06-28 00:03:57.647Z",1.09569,1.09574
"exness","EURUSD","2023-06-28 00:03:58.401Z",1.09569,1.09575
"exness","EURUSD","2023-06-28 00:03:59.830Z",1.0957,1.09575
"exness","EURUSD","2023-06-28 00:04:00.542Z",1.09569,1.09575
"exness","EURUSD","2023-06-28 00:04:01.634Z",1.09568,1.09574
"exness","EURUSD","2023-06-28 00:04:02.636Z",1.09569,1.09576
"exness","EURUSD","2023-06-28 00:04:02.751Z",1.09569,1.09574
"exness","EURUSD","2023-06-28 00:04:04.085Z",1.09569,1.09576
"exness","EURUSD","2023-06-28 00:04:05.171Z",1.0957,1.09576
"exness","EURUSD","2023-06-28 00:04:08.301Z",1.09571,1.09576
"exness","EURUSD","2023-06-28 00:04:09.603Z",1.0957,1.09577
"exness","EURUSD","2023-06-28 00:04:09.637Z",1.09572,1.09578
"exness","EURUSD","2023-06-28 00:04:10.634Z",1.09573,1.09579
"exness","EURUSD","2023-06-28 00:04:11.631Z",1.09574,1.0958
"exness","EURUSD","2023-06-28 00:04:15.432Z",1.09575,1.0958
"exness","EURUSD","2023-06-28 00:04:20.140Z",1.09576,1.09581
"exness","EURUSD","2023-06-28 00:04:28.048Z",1.09575,1.09581
"exness","EURUSD","2023-06-28 00:04:29.144Z",1.09576,1.09582
"exness","EURUSD","2023-06-28 00:04:33.811Z",1.09577,1.09584
"exness","EURUSD","2023-06-28 00:04:33.848Z",1.09579,1.09585
"exness","EURUSD","2023-06-28 00:04:35.762Z",1.0958,1.09586
"exness","EURUSD","2023-06-28 00:04:37.725Z",1.09579,1.09586
"exness","EURUSD","2023-06-28 00:04:40.785Z",1.09578,1.09584
"exness","EURUSD","2023-06-28 00:04:41.113Z",1.09577,1.09582
"exness","EURUSD","2023-06-28 00:04:41.183Z",1.09577,1.09584
"exness","EURUSD","2023-06-28 00:04:42.349Z",1.09578,1.09583
"exness","EURUSD","2023-06-28 00:04:46.163Z",1.09578,1.09584
"exness","EURUSD","2023-06-28 00:04:46.584Z",1.09579,1.09586
"exness","EURUSD","2023-06-28 00:04:47.633Z",1.0958,1.09586
"exness","EURUSD","2023-06-28 00:04:49.302Z",1.09579,1.09585
"exness","EURUSD","2023-06-28 00:04:50.325Z",1.09578,1.09585
"exness","EURUSD","2023-06-28 00:04:52.100Z",1.09577,1.09583
"exness","EURUSD","2023-06-28 00:04:56.441Z",1.09578,1.09583
"exness","EURUSD","2023-06-28 00:04:56.875Z",1.09576,1.09583
"exness","EURUSD","2023-06-28 00:04:58.031Z",1.09576,1.09582
"exness","EURUSD","2023-06-28 00:04:59.277Z",1.09578,1.09583
"exness","EURUSD","2023-06-28 00:05:00.311Z",1.09577,1.09583
"exness","EURUSD","2023-06-28 00:05:01.436Z",1.09576,1.09582
"exness","EURUSD","2023-06-28 00:05:03.832Z",1.09577,1.09583
"exness","EURUSD","2023-06-28 00:05:06.577Z",1.09578,1.09583
"exness","EURUSD","2023-06-28 00:05:08.892Z",1.09577,1.09583
"exness","EURUSD","2023-06-28 00:05:12.804Z",1.09578,1.09583
"exness","EURUSD","2023-06-28 00:05:14.894Z",1.09578,1.09584
"exness","EURUSD","2023-06-28 00:05:15.279Z",1.0958,1.09586
"exness","EURUSD","2023-06-28 00:05:15.481Z",1.09581,1.09587
"exness","EURUSD","2023-06-28 00:05:15.833Z",1.09583,1.09588
"exness","EURUSD","2023-06-28 00:05:17.436Z",1.09581,1.09588
"exness","EURUSD","2023-06-28 00:05:20.385Z",1.09582,1.09587
"exness","EURUSD","2023-06-28 00:05:21.386Z",1.09581,1.09587
"exness","EURUSD","2023-06-28 00:05:24.379Z",1.09583,1.09589
"exness","EURUSD","2023-06-28 00:05:27.629Z",1.09582,1.09588
"exness","EURUSD","2023-06-28 00:05:31.529Z",1.09581,1.09588
"exness","EURUSD","2023-06-28 00:05:32.560Z",1.09582,1.09587
"exness","EURUSD","2023-06-28 00:05:33.628Z",1.0958,1.09587
"exness","EURUSD","2023-06-28 00:05:34.765Z",1.0958,1.09586
"exness","EURUSD","2023-06-28 00:05:35.706Z",1.09578,1.09584
"exness","EURUSD","2023-06-28 00:05:39.230Z",1.09579,1.09586
"exness","EURUSD","2023-06-28 00:05:40.352Z",1.09579,1.09585
"exness","EURUSD","2023-06-28 00:05:41.650Z",1.09579,1.09586
"exness","EURUSD","2023-06-28 00:05:42.729Z",1.09579,1.09585
"exness","EURUSD","2023-06-28 00:05:47.573Z",1.09578,1.09584
"exness","EURUSD","2023-06-28 00:05:48.673Z",1.09576,1.09583
"exness","EURUSD","2023-06-28 00:05:52.451Z",1.09576,1.09582
"exness","EURUSD","2023-06-28 00:05:53.561Z",1.09577,1.09582
"exness","EURUSD","2023-06-28 00:05:54.599Z",1.09576,1.09582
"exness","EURUSD","2023-06-28 00:05:59.667Z",1.09577,1.09584
"exness","EURUSD","2023-06-28 00:06:00.876Z",1.09578,1.09584
"exness","EURUSD","2023-06-28 00:06:02.141Z",1.09578,1.09583
"exness","EURUSD","2023-06-28 00:06:03.238Z",1.09579,1.09584
"exness","EURUSD","2023-06-28 00:06:06.780Z",1.09577,1.09583
"exness","EURUSD","2023-06-28 00:06:08.183Z",1.09576,1.09582
"exness","EURUSD","2023-06-28 00:06:13.006Z",1.09574,1.09581
"exness","EURUSD","2023-06-28 00:06:14.463Z",1.09575,1.09581
"exness","EURUSD","2023-06-28 00:06:14.984Z",1.09576,1.09581
"exness","EURUSD","2023-06-28 00:06:18.042Z",1.09576,1.09582
"exness","EURUSD","2023-06-28 00:06:23.334Z",1.09577,1.09582
"exness","EURUSD","2023-06-28 00:06:25.918Z",1.09576,1.09582
"exness","EURUSD","2023-06-28 00:06:27.244Z",1.09577,1.09582
"exness","EURUSD","2023-06-28 00:06:34.899Z",1.09576,1.09582
"exness","EURUSD","2023-06-28 00:06:36.409Z",1.09577,1.09584
"exness","EURUSD","2023-06-28 00:06:37.463Z",1.09578,1.09584
"exness","EURUSD","2023-06-28 00:06:42.175Z",1.09577,1.09583
"exness","EURUSD","2023-06-28 00:06:43.182Z",1.09576,1.09583
"exness","EURUSD","2023-06-28 00:06:47.040Z",1.09577,1.09582
"exness","EURUSD","2023-06-28 00:06:49.816Z",1.09575,1.09582
"exness","EURUSD","2023-06-28 00:06:51.912Z",1.09576,1.09581
"exness","EURUSD","2023-06-28 00:06:54.473Z",1.09576,1.09582
"exness","EURUSD","2023-06-28 00:06:56.486Z",1.09577,1.09583
"exness","EURUSD","2023-06-28 00:06:57.734Z",1.09578,1.09584
"exness","EURUSD","2023-06-28 00:06:58.828Z",1.09579,1.09584
"exness","EURUSD","2023-06-28 00:07:00.852Z",1.09579,1.09585
"exness","EURUSD","2023-06-28 00:07:01.955Z",1.0958,1.09586
"exness","EURUSD","2023-06-28 00:07:18.551Z",1.0958,1.09587
"exness","EURUSD","2023-06-28 00:07:22.503Z",1.0958,1.09586
"exness","EURUSD","2023-06-28 00:07:25.958Z",1.09581,1.09587
"exness","EURUSD","2023-06-28 00:07:27.639Z",1.0958,1.09586
"exness","EURUSD","2023-06-28 00:07:31.805Z",1.09579,1.09585
"exness","EURUSD","2023-06-28 00:07:33.359Z",1.09578,1.09584
"exness","EURUSD","2023-06-28 00:07:34.638Z",1.09577,1.09583
"exness","EURUSD","2023-06-28 00:07:37.414Z",1.09576,1.09583
"exness","EURUSD","2023-06-28 00:07:39.796Z",1.09577,1.09582
"exness","EURUSD","2023-06-28 00:07:43.815Z",1.09577,1.09584
"exness","EURUSD","2023-06-28 00:07:43.915Z",1.09579,1.09586
"exness","EURUSD","2023-06-28 00:07:45.161Z",1.0958,1.09586
"exness","EURUSD","2023-06-28 00:07:46.575Z",1.0958,1.09587
"exness","EURUSD","2023-06-28 00:07:50.151Z",1.0958,1.09586
"exness","EURUSD","2023-06-28 00:07:53.674Z",1.09579,1.09585
"exness","EURUSD","2023-06-28 00:07:54.311Z",1.0958,1.09585
"exness","EURUSD","2023-06-28 00:07:55.253Z",1.09579,1.09585
"exness","EURUSD","2023-06-28 00:07:56.297Z",1.09579,1.09584
"exness","EURUSD","2023-06-28 00:07:56.426Z",1.09579,1.09585
"exness","EURUSD","2023-06-28 00:07:57.425Z",1.0958,1.09585
"exness","EURUSD","2023-06-28 00:07:58.426Z",1.09579,1.09585
"exness","EURUSD","2023-06-28 00:07:59.526Z",1.09578,1.09584
"exness","EURUSD","2023-06-28 00:08:01.867Z",1.09579,1.09585
"exness","EURUSD","2023-06-28 00:08:02.921Z",1.0958,1.09585
"exness","EURUSD","2023-06-28 00:08:04.336Z",1.0958,1.09586
"exness","EURUSD","2023-06-28 00:08:04.377Z",1.09579,1.09584
"exness","EURUSD","2023-06-28 00:08:05.422Z",1.09578,1.09585
"exness","EURUSD","2023-06-28 00:08:06.559Z",1.09579,1.09584
"exness","EURUSD","2023-06-28 00:08:08.330Z",1.09578,1.09585
"exness","EURUSD","2023-06-28 00:08:09.333Z",1.0958,1.09586
"exness","EURUSD","2023-06-28 00:08:13.343Z",1.0958,1.09587
"exness","EURUSD","2023-06-28 00:08:14.465Z",1.09581,1.09586
"exness","EURUSD","2023-06-28 00:08:15.251Z",1.09581,1.09587
"exness","EURUSD","2023-06-28 00:08:15.709Z",1.09583,1.09589
"exness","EURUSD","2023-06-28 00:08:20.028Z",1.09583,1.09588
"exness","EURUSD","2023-06-28 00:08:21.148Z",1.09583,1.09589
"exness","EURUSD","2023-06-28 00:08:26.547Z",1.09584,1.09589
"exness","EURUSD","2023-06-28 00:08:27.646Z",1.09585,1.09591
"exness","EURUSD","2023-06-28 00:08:36.115Z",1.09585,1.0959
"exness","EURUSD","2023-06-28 00:08:37.450Z",1.09586,1.09592
"exness","EURUSD","2023-06-28 00:08:38.470Z",1.09587,1.09592
"exness","EURUSD","2023-06-28 00:08:39.056Z",1.09585,1.09591
"exness","EURUSD","2023-06-28 00:08:40.057Z",1.09586,1.09591
"exness","EURUSD","2023-06-28 00:08:43.494Z",1.09586,1.09592
"exness","EURUSD","2023-06-28 00:08:46.609Z",1.09585,1.09592
"exness","EURUSD","2023-06-28 00:08:50.412Z",1.09585,1.09591
"exness","EURUSD","2023-06-28 00:08:50.602Z",1.09583,1.09589
"exness","EURUSD","2023-06-28 00:08:51.827Z",1.09582,1.09588
"exness","EURUSD","2023-06-28 00:08:52.902Z",1.09581,1.09587
"exness","EURUSD","2023-06-28 00:08:53.935Z",1.09581,1.09586
"exness","EURUSD","2023-06-28 00:08:55.652Z",1.0958,1.09586
"exness","EURUSD","2023-06-28 00:08:59.697Z",1.0958,1.09587
"exness","EURUSD","2023-06-28 00:09:00.721Z",1.09581,1.09587
"exness","EURUSD","2023-06-28 00:09:02.052Z",1.0958,1.09586
"exness","EURUSD","2023-06-28 00:09:07.722Z",1.09581,1.09586
"exness","EURUSD","2023-06-28 00:09:09.218Z",1.09581,1.09587
"exness","EURUSD","2023-06-28 00:09:13.553Z",1.09581,1.09586
"exness","EURUSD","2023-06-28 00:09:15.578Z",1.0958,1.09586
"exness","EURUSD","2023-06-28 00:09:18.820Z",1.0958,1.09587
"exness","EURUSD","2023-06-28 00:09:20.941Z",1.09581,1.09587
"exness","EURUSD","2023-06-28 00:09:23.441Z",1.0958,1.09586
"exness","EURUSD","2023-06-28 00:09:30.056Z",1.09581,1.09587
"exness","EURUSD","2023-06-28 00:09:31.665Z",1.09582,1.09587
"exness","EURUSD","2023-06-28 00:09:34.028Z",1.09582,1.09588
"exness","EURUSD","2023-06-28 00:09:34.218Z",1.09584,1.0959
"exness","EURUSD","2023-06-28 00:09:36.872Z",1.09585,1.09591
"exness","EURUSD","2023-06-28 00:09:39.861Z",1.09586,1.09592
"exness","EURUSD","2023-06-28 00:09:41.890Z",1.09585,1.09591
"exness","EURUSD","2023-06-28 00:09:42.954Z",1.09586,1.09591
"exness","EURUSD","2023-06-28 00:09:46.590Z",1.09584,1.0959
"exness","EURUSD","2023-06-28 00:09:46.647Z",1.09582,1.09589
"exness","EURUSD","2023-06-28 00:09:48.062Z",1.09583,1.09588
"exness","EURUSD","2023-06-28 00:09:49.290Z",1.09582,1.09589
"exness","EURUSD","2023-06-28 00:09:51.052Z",1.09582,1.09588
"exness","EURUSD","2023-06-28 00:09:52.557Z",1.09581,1.09588
"exness","EURUSD","2023-06-28 00:09:53.601Z",1.09582,1.09588
"exness","EURUSD","2023-06-28 00:09:54.237Z",1.09583,1.09588
"exness","EURUSD","2023-06-28 00:09:54.424Z",1.09584,1.0959
"exness","EURUSD","2023-06-28 00:09:54.931Z",1.09586,1.09591
"exness","EURUSD","2023-06-28 00:09:54.983Z",1.09586,1.09592
"exness","EURUSD","2023-06-28 00:09:56.348Z",1.09586,1.09593
"exness","EURUSD","2023-06-28 00:09:57.706Z",1.09587,1.09593
"exness","EURUSD","2023-06-28 00:09:58.849Z",1.09587,1.09592
"exness","EURUSD","2023-06-28 00:09:59.934Z",1.09586,1.09592
"exness","EURUSD","2023-06-28 00:10:02.325Z",1.09586,1.09593
"exness","EURUSD","2023-06-28 00:10:03.349Z",1.09586,1.09592
"exness","EURUSD","2023-06-28 00:10:08.376Z",1.09585,1.09592
"exness","EURUSD","2023-06-28 00:10:09.819Z",1.09585,1.09591
"exness","EURUSD","2023-06-28 00:10:11.455Z",1.09586,1.09591
"exness","EURUSD","2023-06-28 00:10:12.037Z",1.09584,1.0959
"exness","EURUSD","2023-06-28 00:10:13.273Z",1.09585,1.09591
"exness","EURUSD","2023-06-28 00:10:14.078Z",1.09586,1.09591
"exness","EURUSD","2023-06-28 00:10:15.105Z",1.09586,1.09592
"exness","EURUSD","2023-06-28 00:10:16.511Z",1.09585,1.09592
"exness","EURUSD","2023-06-28 00:10:19.268Z",1.09585,1.09591
"exness","EURUSD","2023-06-28 00:10:20.322Z",1.09586,1.09593
"exness","EURUSD","2023-06-28 00:10:21.676Z",1.09587,1.09592
"exness","EURUSD","2023-06-28 00:10:27.998Z",1.09586,1.09592
"exness","EURUSD","2023-06-28 00:10:30.987Z",1.09587,1.09592
"exness","EURUSD","2023-06-28 00:10:39.158Z",1.09586,1.09593
"exness","EURUSD","2023-06-28 00:10:40.260Z",1.09586,1.09592
"exness","EURUSD","2023-06-28 00:10:45.821Z",1.09587,1.09592
"exness","EURUSD","2023-06-28 00:10:53.793Z",1.09586,1.09593
"exness","EURUSD","2023-06-28 00:10:54.323Z",1.09588,1.09594
"exness","EURUSD","2023-06-28 00:10:56.057Z",1.09589,1.09596
"exness","EURUSD","2023-06-28 00:10:56.770Z",1.09588,1.09594
"exness","EURUSD","2023-06-28 00:10:57.783Z",1.09589,1.09595
"exness","EURUSD","2023-06-28 00:11:00.194Z",1.09589,1.09594
"exness","EURUSD","2023-06-28 00:11:02.558Z",1.09587,1.09594
"exness","EURUSD","2023-06-28 00:11:03.730Z",1.09587,1.09593
"exness","EURUSD","2023-06-28 00:11:07.106Z",1.09587,1.09592
"exness","EURUSD","2023-06-28 00:11:14.678Z",1.09586,1.09593
"exness","EURUSD","2023-06-28 00:11:16.886Z",1.09587,1.09593
"exness","EURUSD","2023-06-28 00:11:17.892Z",1.09586,1.09593
"exness","EURUSD","2023-06-28 00:11:19.996Z",1.09586,1.09592
"exness","EURUSD","2023-06-28 00:11:25.084Z",1.09586,1.09593
"exness","EURUSD","2023-06-28 00:11:26.089Z",1.09587,1.09593
"exness","EURUSD","2023-06-28 00:11:28.462Z",1.09585,1.09592
"exness","EURUSD","2023-06-28 00:11:30.840Z",1.09586,1.09591
"exness","EURUSD","2023-06-28 00:11:31.841Z",1.09585,1.09591
"exness","EURUSD","2023-06-28 00:11:32.871Z",1.09586,1.09592
"exness","EURUSD","2023-06-28 00:11:34.038Z",1.09585,1.09592
"exness","EURUSD","2023-06-28 00:11:35.144Z",1.09586,1.09592
"exness","EURUSD","2023-06-28 00:11:42.104Z",1.09586,1.09591
"exness","EURUSD","2023-06-28 00:11:45.351Z",1.09587,1.09592
"exness","EURUSD","2023-06-28 00:11:47.288Z",1.09586,1.09593
"exness","EURUSD","2023-06-28 00:11:48.340Z",1.09588,1.09594
"exness","EURUSD","2023-06-28 00:11:50.717Z",1.09587,1.09593
"exness","EURUSD","2023-06-28 00:11:53.081Z",1.09586,1.09593
"exness","EURUSD","2023-06-28 00:11:54.545Z",1.09587,1.09592
"exness","EURUSD","2023-06-28 00:11:55.731Z",1.09586,1.09592
"exness","EURUSD","2023-06-28 00:11:59.366Z",1.09588,1.09594
"exness","EURUSD","2023-06-28 00:12:00.342Z",1.09589,1.09595
"exness","EURUSD","2023-06-28 00:12:00.386Z",1.09591,1.0959699999999999
"exness","EURUSD","2023-06-28 00:12:00.564Z",1.09592,1.09598
"exness","EURUSD","2023-06-28 00:12:01.274Z",1.09594,1.09599
"exness","EURUSD","2023-06-28 00:12:01.954Z",1.09592,1.09598
"exness","EURUSD","2023-06-28 00:12:03.739Z",1.09591,1.0959699999999999
"exness","EURUSD","2023-06-28 00:12:08.301Z",1.09592,1.09599
"exness","EURUSD","2023-06-28 00:12:09.096Z",1.09594,1.09599
"exness","EURUSD","2023-06-28 00:12:09.312Z",1.09595,1.09601
"exness","EURUSD","2023-06-28 00:12:09.926Z",1.09596,1.09601
"exness","EURUSD","2023-06-28 00:12:13.147Z",1.09596,1.09602
"exness","EURUSD","2023-06-28 00:12:18.237Z",1.09598,1.09604
"exness","EURUSD","2023-06-28 00:12:18.646Z",1.09599,1.09604
"exness","EURUSD","2023-06-28 00:12:22.176Z",1.09598,1.09604
"exness","EURUSD","2023-06-28 00:12:23.964Z",1.09598,1.09603
"exness","EURUSD","2023-06-28 00:12:27.296Z",1.0959699999999999,1.09604
"exness","EURUSD","2023-06-28 00:12:28.297Z",1.09598,1.09604
"exness","EURUSD","2023-06-28 00:12:31.020Z",1.0959699999999999,1.09603
"exness","EURUSD","2023-06-28 00:12:32.024Z",1.09598,1.09604
"exness","EURUSD","2023-06-28 00:12:37.398Z",1.09599,1.09605
"exness","EURUSD","2023-06-28 00:12:39.846Z",1.09599,1.09606
"exness","EURUSD","2023-06-28 00:12:40.945Z",1.096,1.09607
"exness","EURUSD","2023-06-28 00:12:42.374Z",1.09599,1.09605
"exness","EURUSD","2023-06-28 00:12:43.451Z",1.09598,1.09604
"exness","EURUSD","2023-06-28 00:12:44.584Z",1.0959699999999999,1.09603
"exness","EURUSD","2023-06-28 00:12:49.193Z",1.09596,1.09603
"exness","EURUSD","2023-06-28 00:12:50.200Z",1.0959699999999999,1.09603
"exness","EURUSD","2023-06-28 00:12:51.266Z",1.09598,1.09604
"exness","EURUSD","2023-06-28 00:12:54.373Z",1.09599,1.09605
"exness","EURUSD","2023-06-28 00:12:55.379Z",1.096,1.09606
"exness","EURUSD","2023-06-28 00:12:57.468Z",1.09601,1.09607
"exness","EURUSD","2023-06-28 00:12:58.800Z",1.09602,1.09607
"exness","EURUSD","2023-06-28 00:13:02.036Z",1.09601,1.09607
"exness","EURUSD","2023-06-28 00:13:03.405Z",1.09602,1.09607
"exness","EURUSD","2023-06-28 00:13:06.358Z",1.09601,1.09607
"exness","EURUSD","2023-06-28 00:13:07.373Z",1.09602,1.09608
"exness","EURUSD","2023-06-28 00:13:07.589Z",1.09603,1.09609
"exness","EURUSD","2023-06-28 00:13:08.702Z",1.09603,1.09608
"exness","EURUSD","2023-06-28 00:13:09.752Z",1.09603,1.09609
"exness","EURUSD","2023-06-28 00:13:10.757Z",1.09603,1.0961
"exness","EURUSD","2023-06-28 00:13:11.757Z",1.09604,1.0961
"exness","EURUSD","2023-06-28 00:13:13.171Z",1.09604,1.09611
"exness","EURUSD","2023-06-28 00:13:16.482Z",1.09605,1.09611
"exness","EURUSD","2023-06-28 00:13:23.076Z",1.09606,1.09611
"exness","EURUSD","2023-06-28 00:13:25.194Z",1.09605,1.09612
"exness","EURUSD","2023-06-28 00:13:27.924Z",1.09604,1.0961
"exness","EURUSD","2023-06-28 00:13:28.173Z",1.09602,1.09609
"exness","EURUSD","2023-06-28 00:13:29.884Z",1.09603,1.0961
"exness","EURUSD","2023-06-28 00:13:30.904Z",1.09602,1.09608
"exness","EURUSD","2023-06-28 00:13:32.167Z",1.09602,1.09607
"exness","EURUSD","2023-06-28 00:13:36.999Z",1.09601,1.09608
"exness","EURUSD","2023-06-28 00:13:39.285Z",1.09601,1.09607
"exness","EURUSD","2023-06-28 00:13:46.780Z",1.09599,1.09605
"exness","EURUSD","2023-06-28 00:13:48.028Z",1.09598,1.09604
"exness","EURUSD","2023-06-28 00:13:50.175Z",1.09598,1.09603
"exness","EURUSD","2023-06-28 00:13:53.645Z",1.0959699999999999,1.09604
"exness","EURUSD","2023-06-28 00:13:54.649Z",1.09598,1.09604
"exness","EURUSD","2023-06-28 00:13:56.330Z",1.09599,1.09605
"exness","EURUSD","2023-06-28 00:13:57.692Z",1.096,1.09606
"exness","EURUSD","2023-06-28 00:13:58.705Z",1.09601,1.09606
"exness","EURUSD","2023-06-28 00:14:03.013Z",1.09601,1.09607
"exness","EURUSD","2023-06-28 00:14:04.074Z",1.096,1.09606
"exness","EURUSD","2023-06-28 00:14:12.124Z",1.09602,1.09607
"exness","EURUSD","2023-06-28 00:14:13.147Z",1.09601,1.09607
"exness","EURUSD","2023-06-28 00:14:14.277Z",1.09601,1.09606
"exness","EURUSD","2023-06-28 00:14:15.767Z",1.09602,1.09608
"exness","EURUSD","2023-06-28 00:14:18.717Z",1.09602,1.09609
"exness","EURUSD","2023-06-28 00:14:23.650Z",1.09603,1.09609
"exness","EURUSD","2023-06-28 00:14:26.596Z",1.09603,1.09608
"exness","EURUSD","2023-06-28 00:14:26.982Z",1.09602,1.09608
"exness","EURUSD","2023-06-28 00:14:28.443Z",1.09601,1.09608
"exness","EURUSD","2023-06-28 00:14:29.632Z",1.09601,1.09607
"exness","EURUSD","2023-06-28 00:14:30.060Z",1.09603,1.09609
"exness","EURUSD","2023-06-28 00:14:30.240Z",1.09604,1.09611
"exness","EURUSD","2023-06-28 00:14:31.415Z",1.09605,1.09611
"exness","EURUSD","2023-06-28 00:14:32.453Z",1.09605,1.0961
"exness","EURUSD","2023-06-28 00:14:33.790Z",1.09605,1.09611
"exness","EURUSD","2023-06-28 00:14:34.986Z",1.09605,1.09612
"exness","EURUSD","2023-06-28 00:14:41.512Z",1.09605,1.09611
"exness","EURUSD","2023-06-28 00:14:42.843Z",1.09605,1.09612
"exness","EURUSD","2023-06-28 00:14:44.168Z",1.09606,1.09612
"exness","EURUSD","2023-06-28 00:14:47.071Z",1.09605,1.09611
"exness","EURUSD","2023-06-28 00:14:47.083Z",1.09603,1.09609
"exness","EURUSD","2023-06-28 00:14:48.366Z",1.09602,1.09608
"exness","EURUSD","2023-06-28 00:14:52.198Z",1.09603,1.09608
"exness","EURUSD","2023-06-28 00:14:52.709Z",1.09603,1.09609
"exness","EURUSD","2023-06-28 00:14:52.718Z",1.09604,1.09609
"exness","EURUSD","2023-06-28 00:14:53.795Z",1.09604,1.09611
"exness","EURUSD","2023-06-28 00:14:55.740Z",1.09603,1.09609
"exness","EURUSD","2023-06-28 00:14:55.916Z",1.09602,1.09607
"exness","EURUSD","2023-06-28 00:14:57.444Z",1.09601,1.09607
"exness","EURUSD","2023-06-28 00:14:58.399Z",1.09603,1.09609
"exness","EURUSD","2023-06-28 00:14:59.669Z",1.09604,1.0961
"exness","EURUSD","2023-06-28 00:15:00.113Z",1.09606,1.09611
"exness","EURUSD","2023-06-28 00:15:00.830Z",1.09604,1.0961
"exness","EURUSD","2023-06-28 00:15:00.885Z",1.09604,1.09609
"exness","EURUSD","2023-06-28 00:15:01.932Z",1.09602,1.09609
"exness","EURUSD","2023-06-28 00:15:02.800Z",1.09602,1.09607
"exness","EURUSD","2023-06-28 00:15:02.892Z",1.096,1.09607
"exness","EURUSD","2023-06-28 00:15:03.987Z",1.096,1.09606
"exness","EURUSD","2023-06-28 00:15:05.135Z",1.09601,1.09606
"exness","EURUSD","2023-06-28 00:15:07.049Z",1.09601,1.09607
"exness","EURUSD","2023-06-28 00:15:08.092Z",1.09602,1.09608
"exness","EURUSD","2023-06-28 00:15:11.998Z",1.09601,1.09607
"exness","EURUSD","2023-06-28 00:15:13.034Z",1.096,1.09606
"exness","EURUSD","2023-06-28 00:15:16.230Z",1.096,1.09605
"exness","EURUSD","2023-06-28 00:15:16.403Z",1.09599,1.09605
"exness","EURUSD","2023-06-28 00:15:16.442Z",1.0959699999999999,1.09603
"exness","EURUSD","2023-06-28 00:15:16.622Z",1.0959699999999999,1.09602
"exness","EURUSD","2023-06-28 00:15:17.709Z",1.09596,1.09602
"exness","EURUSD","2023-06-28 00:15:18.629Z",1.0959699999999999,1.09602
"exness","EURUSD","2023-06-28 00:15:19.002Z",1.09598,1.09604
"exness","EURUSD","2023-06-28 00:15:19.221Z",1.096,1.09606
"exness","EURUSD","2023-06-28 00:15:20.907Z",1.09601,1.09607
"exness","EURUSD","2023-06-28 00:15:22.009Z",1.096,1.09606
"exness","EURUSD","2023-06-28 00:15:24.096Z",1.09599,1.09604
"exness","EURUSD","2023-06-28 00:15:24.117Z",1.0959699999999999,1.09604
"exness","EURUSD","2023-06-28 00:15:25.660Z",1.0959699999999999,1.09603
"exness","EURUSD","2023-06-28 00:15:28.398Z",1.09598,1.09603
"exness","EURUSD","2023-06-28 00:15:30.685Z",1.0959699999999999,1.09604
"exness","EURUSD","2023-06-28 00:15:31.699Z",1.0959699999999999,1.09603
"exness","EURUSD","2023-06-28 00:15:33.254Z",1.0959699999999999,1.09604
"exness","EURUSD","2023-06-28 00:15:33.712Z",1.09596,1.09602
"exness","EURUSD","2023-06-28 00:15:33.746Z",1.09594,1.096
"exness","EURUSD","2023-06-28 00:15:33.774Z",1.09593,1.09599
"exness","EURUSD","2023-06-28 00:15:34.819Z",1.09591,1.0959699999999999
"exness","EURUSD","2023-06-28 00:15:35.836Z",1.09591,1.09596
"exness","EURUSD","2023-06-28 00:15:36.833Z",1.09591,1.0959699999999999
"exness","EURUSD","2023-06-28 00:15:43.250Z",1.09589,1.09595
"exness","EURUSD","2023-06-28 00:15:43.271Z",1.09588,1.09594
"exness","EURUSD","2023-06-28 00:15:44.606Z",1.09588,1.09593
"exness","EURUSD","2023-06-28 00:15:46.681Z",1.09588,1.09594
"exness","EURUSD","2023-06-28 00:15:47.688Z",1.09589,1.09595
"exness","EURUSD","2023-06-28 00:15:48.702Z",1.09589,1.09594
"exness","EURUSD","2023-06-28 00:15:50.871Z",1.09588,1.09594
"exness","EURUSD","2023-06-28 00:15:53.783Z",1.09588,1.09595
"exness","EURUSD","2023-06-28 00:15:57.985Z",1.09588,1.09594
"exness","EURUSD","2023-06-28 00:16:04.920Z",1.09586,1.09592
"exness","EURUSD","2023-06-28 00:16:05.082Z",1.09586,1.09591
"exness","EURUSD","2023-06-28 00:16:05.715Z",1.09586,1.09592
"exness","EURUSD","2023-06-28 00:16:06.539Z",1.09588,1.09593
"exness","EURUSD","2023-06-28 00:16:09.889Z",1.09587,1.09593
"exness","EURUSD","2023-06-28 00:16:12.516Z",1.09586,1.09593
"exness","EURUSD","2023-06-28 00:16:13.772Z",1.09586,1.09592
"exness","EURUSD","2023-06-28 00:16:16.164Z",1.09588,1.09594
"exness","EURUSD","2023-06-28 00:16:20.129Z",1.09586,1.09593
"exness","EURUSD","2023-06-28 00:16:21.404Z",1.09587,1.09592
"exness","EURUSD","2023-06-28 00:16:23.765Z",1.09587,1.09594
"exness","EURUSD","2023-06-28 00:16:24.068Z",1.09589,1.09595
"exness","EURUSD","2023-06-28 00:16:25.206Z",1.09588,1.09595
"exness","EURUSD","2023-06-28 00:16:26.368Z",1.0959,1.09595
"exness","EURUSD","2023-06-28 00:16:30.920Z",1.09589,1.09595
"exness","EURUSD","2023-06-28 00:16:33.515Z",1.09589,1.09596
"exness","EURUSD","2023-06-28 00:16:34.808Z",1.0959,1.09596
"exness","EURUSD","2023-06-28 00:16:46.769Z",1.0959,1.09595
"exness","EURUSD","2023-06-28 00:16:47.749Z",1.09589,1.09595
"exness","EURUSD","2023-06-28 00:16:47.767Z",1.09587,1.09593
"exness","EURUSD","2023-06-28 00:16:48.918Z",1.09587,1.09594
"exness","EURUSD","2023-06-28 00:16:50.940Z",1.09587,1.09593
"exness","EURUSD","2023-06-28 00:16:56.793Z",1.09587,1.09594
"exness","EURUSD","2023-06-28 00:17:02.206Z",1.09587,1.09593
"exness","EURUSD","2023-06-28 00:17:06.002Z",1.09588,1.09594
"exness","EURUSD","2023-06-28 00:17:06.086Z",1.09588,1.09593
"exness","EURUSD","2023-06-28 00:17:06.656Z",1.09586,1.09593
"exness","EURUSD","2023-06-28 00:17:08.066Z",1.09586,1.09592
"exness","EURUSD","2023-06-28 00:17:10.262Z",1.09586,1.09591
"exness","EURUSD","2023-06-28 00:17:11.376Z",1.09586,1.09592
"exness","EURUSD","2023-06-28 00:17:14.699Z",1.09585,1.09591
"exness","EURUSD","2023-06-28 00:17:16.723Z",1.09584,1.09589
"exness","EURUSD","2023-06-28 00:17:18.268Z",1.09584,1.09591
"exness","EURUSD","2023-06-28 00:17:18.330Z",1.09586,1.09592
"exness","EURUSD","2023-06-28 00:17:20.821Z",1.09587,1.09592
"exness","EURUSD","2023-06-28 00:17:23.236Z",1.09586,1.09591
"exness","EURUSD","2023-06-28 00:17:24.444Z",1.09585,1.09591
"exness","EURUSD","2023-06-28 00:17:27.995Z",1.09584,1.0959
"exness","EURUSD","2023-06-28 00:17:28.349Z",1.09585,1.0959
"exness","EURUSD","2023-06-28 00:17:28.519Z",1.09586,1.09592
"exness","EURUSD","2023-06-28 00:17:41.212Z",1.09586,1.09593
"exness","EURUSD","2023-06-28 00:17:49.724Z",1.09587,1.09594
"exness","EURUSD","2023-06-28 00:17:50.839Z",1.09587,1.09593
"exness","EURUSD","2023-06-28 00:17:52.959Z",1.09589,1.09595
"exness","EURUSD","2023-06-28 00:17:57.763Z",1.09589,1.09596
"exness","EURUSD","2023-06-28 00:17:58.766Z",1.0959,1.09596
"exness","EURUSD","2023-06-28 00:18:02.593Z",1.0959,1.09595
"exness","EURUSD","2023-06-28 00:18:05.062Z",1.0959,1.09596
"exness","EURUSD","2023-06-28 00:18:07.669Z",1.09591,1.09598
"exness","EURUSD","2023-06-28 00:18:07.689Z",1.09593,1.09599
"exness","EURUSD","2023-06-28 00:18:10.068Z",1.09594,1.096
"exness","EURUSD","2023-06-28 00:18:11.270Z",1.09595,1.096
"exness","EURUSD","2023-06-28 00:18:13.741Z",1.09594,1.096
"exness","EURUSD","2023-06-28 00:18:16.186Z",1.09595,1.09601
"exness","EURUSD","2023-06-28 00:18:22.346Z",1.09595,1.09602
"exness","EURUSD","2023-06-28 00:18:29.398Z",1.0959699999999999,1.09603
"exness","EURUSD","2023-06-28 00:18:30.050Z",1.09598,1.09603
"exness","EURUSD","2023-06-28 00:18:32.383Z",1.09598,1.09604
"exness","EURUSD","2023-06-28 00:18:36.711Z",1.0959699999999999,1.09604
"exness","EURUSD","2023-06-28 00:18:38.255Z",1.09596,1.09602
"exness","EURUSD","2023-06-28 00:18:38.904Z",1.09594,1.09601
"exness","EURUSD","2023-06-28 00:18:39.201Z",1.09594,1.09599
"exness","EURUSD","2023-06-28 00:18:40.236Z",1.09593,1.09599
"exness","EURUSD","2023-06-28 00:18:43.364Z",1.09594,1.096
"exness","EURUSD","2023-06-28 00:18:44.583Z",1.09595,1.09601
"exness","EURUSD","2023-06-28 00:18:47.453Z",1.09595,1.096
"exness","EURUSD","2023-06-28 00:18:48.561Z",1.09594,1.096
"exness","EURUSD","2023-06-28 00:18:49.822Z",1.09593,1.09599
"exness","EURUSD","2023-06-28 00:18:52.583Z",1.09592,1.09599
"exness","EURUSD","2023-06-28 00:18:53.681Z",1.09592,1.09598
"exness","EURUSD","2023-06-28 00:18:56.323Z",1.09592,1.09599
"exness","EURUSD","2023-06-28 00:18:57.326Z",1.09593,1.09599
"exness","EURUSD","2023-06-28 00:18:57.435Z",1.09594,1.09599
"exness","EURUSD","2023-06-28 00:18:59.889Z",1.09593,1.09599
"exness","EURUSD","2023-06-28 00:19:01.005Z",1.09591,1.09598
"exness","EURUSD","2023-06-28 00:19:01.060Z",1.0959,1.09596
"exness","EURUSD","2023-06-28 00:19:01.079Z",1.09588,1.09595
"exness","EURUSD","2023-06-28 00:19:01.133Z",1.09588,1.09593
"exness","EURUSD","2023-06-28 00:19:01.187Z",1.09588,1.09595
"exness","EURUSD","2023-06-28 00:19:02.465Z",1.0959,1.09596
"exness","EURUSD","2023-06-28 00:19:03.713Z",1.09591,1.09596
"exness","EURUSD","2023-06-28 00:19:03.754Z",1.09589,1.09595
"exness","EURUSD","2023-06-28 00:19:04.957Z",1.0959,1.0959699999999999
"exness","EURUSD","2023-06-28 00:19:06.036Z",1.09591,1.0959699999999999
"exness","EURUSD","2023-06-28 00:19:06.889Z",1.09593,1.09599
"exness","EURUSD","2023-06-28 00:19:07.949Z",1.09592,1.09598
"exness","EURUSD","2023-06-28 00:19:11.986Z",1.09594,1.096
"exness","EURUSD","2023-06-28 00:19:13.001Z",1.09594,1.09599
"exness","EURUSD","2023-06-28 00:19:14.010Z",1.09592,1.09599
"exness","EURUSD","2023-06-28 00:19:20.042Z",1.09593,1.096
"exness","EURUSD","2023-06-28 00:19:21.432Z",1.09594,1.09599
"exness","EURUSD","2023-06-28 00:19:22.062Z",1.09594,1.09601
"exness","EURUSD","2023-06-28 00:19:23.098Z",1.09595,1.096
"exness","EURUSD","2023-06-28 00:19:24.697Z",1.09595,1.09601
"exness","EURUSD","2023-06-28 00:19:26.064Z",1.09595,1.096
"exness","EURUSD","2023-06-28 00:19:26.230Z",1.09594,1.096
"exness","EURUSD","2023-06-28 00:19:29.865Z",1.09595,1.09601
"exness","EURUSD","2023-06-28 00:19:31.963Z",1.09595,1.096
"exness","EURUSD","2023-06-28 00:19:33.439Z",1.09596,1.09602
"exness","EURUSD","2023-06-28 00:19:35.499Z",1.09594,1.096
"exness","EURUSD","2023-06-28 00:19:35.541Z",1.09592,1.09599
"exness","EURUSD","2023-06-28 00:19:36.558Z",1.09593,1.096
"exness","EURUSD","2023-06-28 00:19:37.739Z",1.09594,1.09599
"exness","EURUSD","2023-06-28 00:19:38.055Z",1.09592,1.09599
"exness","EURUSD","2023-06-28 00:19:39.150Z",1.09591,1.0959699999999999
"exness","EURUSD","2023-06-28 00:19:46.828Z",1.09591,1.09598
"exness","EURUSD","2023-06-28 00:19:53.261Z",1.09593,1.09598
"exness","EURUSD","2023-06-28 00:19:54.442Z",1.09592,1.09598
"exness","EURUSD","2023-06-28 00:19:56.762Z",1.0959,1.0959699999999999
"exness","EURUSD","2023-06-28 00:19:57.762Z",1.09591,1.09596
"exness","EURUSD","2023-06-28 00:20:01.162Z",1.09591,1.0959699999999999
"exness","EURUSD","2023-06-28 00:20:03.090Z",1.09589,1.09595
"exness","EURUSD","2023-06-28 00:20:03.418Z",1.09588,1.09594
"exness","EURUSD","2023-06-28 00:20:04.480Z",1.09587,1.09594
"exness","EURUSD","2023-06-28 00:20:09.115Z",1.0959,1.09595
"exness","EURUSD","2023-06-28 00:20:11.137Z",1.09588,1.09595
"exness","EURUSD","2023-06-28 00:20:11.962Z",1.0959,1.09595
"exness","EURUSD","2023-06-28 00:20:12.975Z",1.0959,1.09596
"exness","EURUSD","2023-06-28 00:20:17.636Z",1.09591,1.09596
"exness","EURUSD","2023-06-28 00:20:20.115Z",1.0959,1.09596
"exness","EURUSD","2023-06-28 00:20:24.116Z",1.0959,1.0959699999999999
"exness","EURUSD","2023-06-28 00:20:25.128Z",1.0959,1.09596
"exness","EURUSD","2023-06-28 00:20:27.203Z",1.09589,1.09594
"exness","EURUSD","2023-06-28 00:20:28.289Z",1.09589,1.09596
"exness","EURUSD","2023-06-28 00:20:30.035Z",1.0959,1.09596
"exness","EURUSD","2023-06-28 00:20:37.736Z",1.0959,1.0959699999999999
"exness","EURUSD","2023-06-28 00:20:38.800Z",1.09591,1.0959699999999999
"exness","EURUSD","2023-06-28 00:20:39.864Z",1.09591,1.09596
"exness","EURUSD","2023-06-28 00:20:45.213Z",1.0959,1.0959699999999999
"exness","EURUSD","2023-06-28 00:20:50.709Z",1.0959,1.09596
"exness","EURUSD","2023-06-28 00:21:02.807Z",1.0959,1.0959699999999999
"exness","EURUSD","2023-06-28 00:21:04.299Z",1.09591,1.0959699999999999
"exness","EURUSD","2023-06-28 00:21:06.317Z",1.09591,1.09596
"exness","EURUSD","2023-06-28 00:21:07.332Z",1.09591,1.0959699999999999
"exness","EURUSD","2023-06-28 00:21:11.853Z",1.09592,1.0959699999999999
"exness","EURUSD","2023-06-28 00:21:13.867Z",1.09591,1.09598
"exness","EURUSD","2023-06-28 00:21:14.866Z",1.09592,1.0959699999999999
"exness","EURUSD","2023-06-28 00:21:15.479Z",1.09592,1.09598
"exness","EURUSD","2023-06-28 00:21:16.265Z",1.09594,1.09599
"exness","EURUSD","2023-06-28 00:21:17.380Z",1.09593,1.09599
"exness","EURUSD","2023-06-28 00:21:18.567Z",1.09593,1.09598
"exness","EURUSD","2023-06-28 00:21:23.335Z",1.09594,1.096
"exness","EURUSD","2023-06-28 00:21:23.547Z",1.09595,1.096
"exness","EURUSD","2023-06-28 00:21:24.857Z",1.09595,1.09601
"exness","EURUSD","2023-06-28 00:21:25.657Z",1.09596,1.09601
"exness","EURUSD","2023-06-28 00:21:26.697Z",1.09595,1.09602
"exness","EURUSD","2023-06-28 00:21:35.608Z",1.0959699999999999,1.09603
"exness","EURUSD","2023-06-28 00:21:36.673Z",1.09596,1.09601
"exness","EURUSD","2023-06-28 00:21:44.943Z",1.09596,1.09602
"exness","EURUSD","2023-06-28 00:21:49.536Z",1.09596,1.09601
"exness","EURUSD","2023-06-28 00:21:57.777Z",1.0959699999999999,1.09603
"exness","EURUSD","2023-06-28 00:21:57.933Z",1.09598,1.09605
"exness","EURUSD","2023-06-28 00:21:57.997Z",1.096,1.09606
"exness","EURUSD","2023-06-28 00:21:59.531Z",1.09602,1.09608
"exness","EURUSD","2023-06-28 00:22:02.956Z",1.09603,1.09609
"exness","EURUSD","2023-06-28 00:22:03.732Z",1.09605,1.09611
"exness","EURUSD","2023-06-28 00:22:08.407Z",1.09605,1.09612
"exness","EURUSD","2023-06-28 00:22:08.892Z",1.09604,1.0961
"exness","EURUSD","2023-06-28 00:22:08.952Z",1.09602,1.09609
"exness","EURUSD","2023-06-28 00:22:10.333Z",1.09601,1.09608
"exness","EURUSD","2023-06-28 00:22:11.420Z",1.09601,1.09607
"exness","EURUSD","2023-06-28 00:22:16.748Z",1.096,1.09607
"exness","EURUSD","2023-06-28 00:22:17.909Z",1.09601,1.09607
"exness","EURUSD","2023-06-28 00:22:18.345Z",1.09602,1.09608
"exness","EURUSD","2023-06-28 00:22:18.478Z",1.09604,1.0961
"exness","EURUSD","2023-06-28 00:22:20.862Z",1.09605,1.09611
"exness","EURUSD","2023-06-28 00:22:20.902Z",1.09604,1.0961
"exness","EURUSD","2023-06-28 00:22:21.952Z",1.09604,1.09609
"exness","EURUSD","2023-06-28 00:22:23.231Z",1.09604,1.0961
"exness","EURUSD","2023-06-28 00:22:24.427Z",1.09604,1.09611
"exness","EURUSD","2023-06-28 00:22:27.606Z",1.09605,1.09611
"exness","EURUSD","2023-06-28 00:22:27.694Z",1.09607,1.09612
"exness","EURUSD","2023-06-28 00:22:29.492Z",1.09607,1.0961400000000001
"exness","EURUSD","2023-06-28 00:22:29.535Z",1.09609,1.09615
"exness","EURUSD","2023-06-28 00:22:29.744Z",1.09611,1.09617
"exness","EURUSD","2023-06-28 00:22:30.758Z",1.09612,1.09617
"exness","EURUSD","2023-06-28 00:22:32.336Z",1.09611,1.09616
"exness","EURUSD","2023-06-28 00:22:32.992Z",1.0961,1.09616
"exness","EURUSD","2023-06-28 00:22:33.029Z",1.09608,1.0961400000000001
"exness","EURUSD","2023-06-28 00:22:33.994Z",1.0961,1.09616
"exness","EURUSD","2023-06-28 00:22:34.060Z",1.0961,1.09615
"exness","EURUSD","2023-06-28 00:22:35.272Z",1.09609,1.09615
"exness","EURUSD","2023-06-28 00:22:37.742Z",1.09608,1.09615
"exness","EURUSD","2023-06-28 00:22:40.097Z",1.09609,1.09615
"exness","EURUSD","2023-06-28 00:22:43.649Z",1.0961,1.09617
"exness","EURUSD","2023-06-28 00:22:44.794Z",1.0961,1.09616
"exness","EURUSD","2023-06-28 00:22:44.945Z",1.09609,1.09615
"exness","EURUSD","2023-06-28 00:22:46.125Z",1.09609,1.0961400000000001
"exness","EURUSD","2023-06-28 00:22:49.182Z",1.09608,1.0961400000000001
"exness","EURUSD","2023-06-28 00:22:51.029Z",1.09609,1.09616
"exness","EURUSD","2023-06-28 00:22:52.254Z",1.0961,1.09615
"exness","EURUSD","2023-06-28 00:22:52.375Z",1.09608,1.09615
"exness","EURUSD","2023-06-28 00:22:52.973Z",1.09608,1.09613
"exness","EURUSD","2023-06-28 00:22:53.977Z",1.09607,1.09613
"exness","EURUSD","2023-06-28 00:22:56.242Z",1.09606,1.09613
"exness","EURUSD","2023-06-28 00:22:57.257Z",1.09606,1.09611
"exness","EURUSD","2023-06-28 00:22:58.481Z",1.09606,1.09612
"exness","EURUSD","2023-06-28 00:22:59.594Z",1.09605,1.09612
"exness","EURUSD","2023-06-28 00:23:02.178Z",1.09606,1.09612
"exness","EURUSD","2023-06-28 00:23:03.565Z",1.09604,1.09611
"exness","EURUSD","2023-06-28 00:23:03.655Z",1.09603,1.09609
"exness","EURUSD","2023-06-28 00:23:04.672Z",1.09602,1.09608
"exness","EURUSD","2023-06-28 00:23:08.364Z",1.09601,1.09607
"exness","EURUSD","2023-06-28 00:23:10.513Z",1.09599,1.09606
"exness","EURUSD","2023-06-28 00:23:10.569Z",1.09598,1.09604
"exness","EURUSD","2023-06-28 00:23:11.409Z",1.0959699999999999,1.09602
"exness","EURUSD","2023-06-28 00:23:11.484Z",1.09595,1.09602
"exness","EURUSD","2023-06-28 00:23:12.575Z",1.09596,1.09601
"exness","EURUSD","2023-06-28 00:23:14.484Z",1.09595,1.09601
"exness","EURUSD","2023-06-28 00:23:16.362Z",1.09594,1.096
"exness","EURUSD","2023-06-28 00:23:16.771Z",1.09592,1.09598
"exness","EURUSD","2023-06-28 00:23:17.827Z",1.09593,1.09598
"exness","EURUSD","2023-06-28 00:23:18.904Z",1.09592,1.09598
"exness","EURUSD","2023-06-28 00:23:22.142Z",1.09594,1.09599
"exness","EURUSD","2023-06-28 00:23:25.847Z",1.09595,1.09601
"exness","EURUSD","2023-06-28 00:23:26.915Z",1.09594,1.09601
"exness","EURUSD","2023-06-28 00:23:27.918Z",1.09595,1.09601
"exness","EURUSD","2023-06-28 00:23:29.287Z",1.09595,1.09602
"exness","EURUSD","2023-06-28 00:23:30.463Z",1.09596,1.09601
"exness","EURUSD","2023-06-28 00:23:31.627Z",1.09595,1.09602
"exness","EURUSD","2023-06-28 00:23:34.655Z",1.0959699999999999,1.09603
"exness","EURUSD","2023-06-28 00:23:36.737Z",1.09598,1.09603
"exness","EURUSD","2023-06-28 00:23:38.931Z",1.0959699999999999,1.09603
"exness","EURUSD","2023-06-28 00:23:39.612Z",1.09599,1.09605
"exness","EURUSD","2023-06-28 00:23:40.669Z",1.096,1.09606
"exness","EURUSD","2023-06-28 00:23:43.234Z",1.09599,1.09606
"exness","EURUSD","2023-06-28 00:23:47.487Z",1.09598,1.09605
"exness","EURUSD","2023-06-28 00:23:48.789Z",1.0959699999999999,1.09603
"exness","EURUSD","2023-06-28 00:23:48.823Z",1.09595,1.09601
"exness","EURUSD","2023-06-28 00:23:48.827Z",1.09594,1.096
"exness","EURUSD","2023-06-28 00:23:49.019Z",1.09593,1.09598
"exness","EURUSD","2023-06-28 00:23:50.189Z",1.09592,1.09598
"exness","EURUSD","2023-06-28 00:24:03.329Z",1.09592,1.09599
"exness","EURUSD","2023-06-28 00:24:04.619Z",1.09591,1.09598
"exness","EURUSD","2023-06-28 00:24:04.964Z",1.0959,1.09596
"exness","EURUSD","2023-06-28 00:24:05.066Z",1.09589,1.09594
"exness","EURUSD","2023-06-28 00:24:05.354Z",1.09589,1.09596
"exness","EURUSD","2023-06-28 00:24:05.401Z",1.09591,1.0959699999999999
"exness","EURUSD","2023-06-28 00:24:06.936Z",1.09592,1.09598
"exness","EURUSD","2023-06-28 00:24:09.604Z",1.0959,1.0959699999999999
"exness","EURUSD","2023-06-28 00:24:10.773Z",1.09591,1.0959699999999999
"exness","EURUSD","2023-06-28 00:24:14.581Z",1.0959,1.0959699999999999
"exness","EURUSD","2023-06-28 00:24:15.675Z",1.09591,1.0959699999999999
"exness","EURUSD","2023-06-28 00:24:23.878Z",1.0959,1.0959699999999999
"exness","EURUSD","2023-06-28 00:24:25.060Z",1.09589,1.09596
"exness","EURUSD","2023-06-28 00:24:26.135Z",1.09588,1.09594
"exness","EURUSD","2023-06-28 00:24:28.618Z",1.09589,1.09594
"exness","EURUSD","2023-06-28 00:24:30.077Z",1.09589,1.09595
"exness","EURUSD","2023-06-28 00:24:30.703Z",1.09591,1.0959699999999999
"exness","EURUSD","2023-06-28 00:24:31.665Z",1.09591,1.09596
"exness","EURUSD","2023-06-28 00:24:32.697Z",1.09591,1.0959699999999999
"exness","EURUSD","2023-06-28 00:24:43.433Z",1.0959,1.0959699999999999
"exness","EURUSD","2023-06-28 00:24:45.432Z",1.09592,1.0959699999999999
"exness","EURUSD","2023-06-28 00:24:45.623Z",1.09592,1.09599
"exness","EURUSD","2023-06-28 00:24:46.647Z",1.09593,1.09599
"exness","EURUSD","2023-06-28 00:24:48.508Z",1.09593,1.09598
"exness","EURUSD","2023-06-28 00:24:52.030Z",1.09594,1.096
"exness","EURUSD","2023-06-28 00:24:52.105Z",1.09592,1.09598
"exness","EURUSD","2023-06-28 00:24:55.427Z",1.09591,1.09596
"exness","EURUSD","2023-06-28 00:24:57.787Z",1.09591,1.0959699999999999
"exness","EURUSD","2023-06-28 00:25:03.624Z",1.09589,1.09595
"exness","EURUSD","2023-06-28 00:25:04.656Z",1.09588,1.09594
"exness","EURUSD","2023-06-28 00:25:06.677Z",1.09588,1.09593
"exness","EURUSD","2023-06-28 00:25:11.707Z",1.09587,1.09593
"exness","EURUSD","2023-06-28 00:25:12.890Z",1.09589,1.09595
"exness","EURUSD","2023-06-28 00:25:13.007Z",1.0959,1.0959699999999999
"exness","EURUSD","2023-06-28 00:25:14.015Z",1.09591,1.0959699999999999
"exness","EURUSD","2023-06-28 00:25:14.475Z",1.0959,1.09595
"exness","EURUSD","2023-06-28 00:25:14.505Z",1.09588,1.09594
"exness","EURUSD","2023-06-28 00:25:15.799Z",1.09586,1.09593
"exness","EURUSD","2023-06-28 00:25:16.952Z",1.09585,1.09591
"exness","EURUSD","2023-06-28 00:25:18.005Z",1.09586,1.09592
"exness","EURUSD","2023-06-28 00:25:19.831Z",1.09586,1.09593
"exness","EURUSD","2023-06-28 00:25:20.886Z",1.09586,1.09592
"exness","EURUSD","2023-06-28 00:25:29.327Z",1.09586,1.09593
"exness","EURUSD","2023-06-28 00:25:32.406Z",1.09587,1.09593
"exness","EURUSD","2023-06-28 00:25:36.402Z",1.09586,1.09593
"exness","EURUSD","2023-06-28 00:25:38.147Z",1.09587,1.09592
"exness","EURUSD","2023-06-28 00:25:39.889Z",1.09587,1.09594
"exness","EURUSD","2023-06-28 00:25:41.551Z",1.09588,1.09594
"exness","EURUSD","2023-06-28 00:25:43.114Z",1.09589,1.09595
"exness","EURUSD","2023-06-28 00:25:43.130Z",1.09591,1.0959699999999999
"exness","EURUSD","2023-06-28 00:25:44.509Z",1.0959,1.09596
"exness","EURUSD","2023-06-28 00:25:45.923Z",1.09592,1.0959699999999999
"exness","EURUSD","2023-06-28 00:25:51.451Z",1.09591,1.0959699999999999
"exness","EURUSD","2023-06-28 00:25:53.616Z",1.09592,1.09598
"exness","EURUSD","2023-06-28 00:25:54.920Z",1.09591,1.0959699999999999
"exness","EURUSD","2023-06-28 00:26:05.714Z",1.09593,1.09598
"exness","EURUSD","2023-06-28 00:26:06.973Z",1.09593,1.09599
"exness","EURUSD","2023-06-28 00:26:10.892Z",1.09592,1.09598
"exness","EURUSD","2023-06-28 00:26:12.657Z",1.09592,1.0959699999999999
"exness","EURUSD","2023-06-28 00:26:17.513Z",1.09591,1.09598
"exness","EURUSD","2023-06-28 00:26:23.900Z",1.09591,1.0959699999999999
"exness","EURUSD","2023-06-28 00:26:24.924Z",1.09592,1.0959699999999999
"exness","EURUSD","2023-06-28 00:26:26.058Z",1.0959,1.0959699999999999
"exness","EURUSD","2023-06-28 00:26:27.749Z",1.0959,1.09596
"exness","EURUSD","2023-06-28 00:26:28.054Z",1.09589,1.09594
"exness","EURUSD","2023-06-28 00:26:31.738Z",1.09589,1.09596
"exness","EURUSD","2023-06-28 00:26:32.026Z",1.09591,1.09596
"exness","EURUSD","2023-06-28 00:26:33.165Z",1.09591,1.0959699999999999
"exness","EURUSD","2023-06-28 00:26:34.233Z",1.09592,1.0959699999999999
"exness","EURUSD","2023-06-28 00:26:34.478Z",1.09592,1.09599
"exness","EURUSD","2023-06-28 00:26:35.547Z",1.09593,1.096
"exness","EURUSD","2023-06-28 00:26:35.936Z",1.09595,1.096
"exness","EURUSD","2023-06-28 00:26:41.983Z",1.09594,1.096
"exness","EURUSD","2023-06-28 00:26:45.070Z",1.09595,1.09601
"exness","EURUSD","2023-06-28 00:26:48.455Z",1.09595,1.09602
"exness","EURUSD","2023-06-28 00:26:52.196Z",1.09595,1.09601
"exness","EURUSD","2023-06-28 00:26:56.477Z",1.09595,1.09602
"exness","EURUSD","2023-06-28 00:26:56.711Z",1.0959699999999999,1.09602
"exness","EURUSD","2023-06-28 00:26:59.908Z",1.09596,1.09602
"exness","EURUSD","2023-06-28 00:27:03.460Z",1.09596,1.09603
"exness","EURUSD","2023-06-28 00:27:05.751Z",1.09596,1.09602
"exness","EURUSD","2023-06-28 00:27:06.800Z",1.0959699999999999,1.09602
"exness","EURUSD","2023-06-28 00:27:12.324Z",1.09595,1.09601
"exness","EURUSD","2023-06-28 00:27:12.523Z",1.09594,1.096
"exness","EURUSD","2023-06-28 00:27:14.292Z",1.09593,1.09599
"exness","EURUSD","2023-06-28 00:27:18.368Z",1.09593,1.09598
"exness","EURUSD","2023-06-28 00:27:18.598Z",1.09592,1.09598
"exness","EURUSD","2023-06-28 00:27:31.587Z",1.09593,1.09599
"exness","EURUSD","2023-06-28 00:27:33.944Z",1.09594,1.09599
"exness","EURUSD","2023-06-28 00:27:35.533Z",1.09592,1.09599
"exness","EURUSD","2023-06-28 00:27:37.528Z",1.09593,1.09598
"exness","EURUSD","2023-06-28 00:27:39.205Z",1.09591,1.0959699999999999
"exness","EURUSD","2023-06-28 00:27:39.347Z",1.0959,1.09595
"exness","EURUSD","2023-06-28 00:27:42.542Z",1.09588,1.09595
"exness","EURUSD","2023-06-28 00:27:46.277Z",1.09589,1.09595
"exness","EURUSD","2023-06-28 00:27:47.337Z",1.09588,1.09594
"exness","EURUSD","2023-06-28 00:27:48.409Z",1.09588,1.09593
"exness","EURUSD","2023-06-28 00:27:48.995Z",1.09589,1.09595
"exness","EURUSD","2023-06-28 00:27:52.718Z",1.09587,1.09594
"exness","EURUSD","2023-06-28 00:27:52.739Z",1.09586,1.09592
"exness","EURUSD","2023-06-28 00:27:53.033Z",1.09586,1.09591
"exness","EURUSD","2023-06-28 00:27:55.098Z",1.09585,1.09591
"exness","EURUSD","2023-06-28 00:27:59.636Z",1.09584,1.0959
"exness","EURUSD","2023-06-28 00:28:00.663Z",1.09584,1.09591
"exness","EURUSD","2023-06-28 00:28:03.475Z",1.09585,1.09591
"exness","EURUSD","2023-06-28 00:28:06.222Z",1.09587,1.09593
"exness","EURUSD","2023-06-28 00:28:06.250Z",1.09588,1.09595
"exness","EURUSD","2023-06-28 00:28:06.864Z",1.0959,1.09596
"exness","EURUSD","2023-06-28 00:28:06.925Z",1.09592,1.09598
"exness","EURUSD","2023-06-28 00:28:07.937Z",1.09593,1.09598
"exness","EURUSD","2023-06-28 00:28:08.989Z",1.09592,1.09598
"exness","EURUSD","2023-06-28 00:28:14.901Z",1.09591,1.0959699999999999
"exness","EURUSD","2023-06-28 00:28:18.531Z",1.09592,1.0959699999999999
"exness","EURUSD","2023-06-28 00:28:23.804Z",1.0959,1.09596
"exness","EURUSD","2023-06-28 00:28:29.242Z",1.09589,1.09596
"exness","EURUSD","2023-06-28 00:28:30.337Z",1.0959,1.09596
"exness","EURUSD","2023-06-28 00:28:36.078Z",1.0959,1.09595
"exness","EURUSD","2023-06-28 00:28:37.402Z",1.09591,1.0959699999999999
"exness","EURUSD","2023-06-28 00:28:41.090Z",1.09591,1.09596
"exness","EURUSD","2023-06-28 00:28:42.090Z",1.09591,1.0959699999999999
"exness","EURUSD","2023-06-28 00:28:43.262Z",1.09591,1.09598
"exness","EURUSD","2023-06-28 00:28:53.347Z",1.09591,1.0959699999999999
"exness","EURUSD","2023-06-28 00:28:56.797Z",1.0959,1.09596
"exness","EURUSD","2023-06-28 00:28:58.013Z",1.09591,1.0959699999999999
"exness","EURUSD","2023-06-28 00:29:00.436Z",1.09592,1.09598
"exness","EURUSD","2023-06-28 00:29:02.539Z",1.09591,1.09598
"exness","EURUSD","2023-06-28 00:29:03.538Z",1.0959,1.0959699999999999
"exness","EURUSD","2023-06-28 00:29:04.209Z",1.09589,1.09595
"exness","EURUSD","2023-06-28 00:29:05.770Z",1.0959,1.09596
"exness","EURUSD","2023-06-28 00:29:06.785Z",1.09591,1.09596
"exness","EURUSD","2023-06-28 00:29:07.154Z",1.09592,1.09598
"exness","EURUSD","2023-06-28 00:29:08.255Z",1.09593,1.09598
"exness","EURUSD","2023-06-28 00:29:14.227Z",1.09592,1.09598
"exness","EURUSD","2023-06-28 00:29:15.257Z",1.09593,1.09599
"exness","EURUSD","2023-06-28 00:29:17.428Z",1.09595,1.09601
"exness","EURUSD","2023-06-28 00:29:18.444Z",1.09596,1.09601
"exness","EURUSD","2023-06-28 00:29:19.469Z",1.09595,1.096
"exness","EURUSD","2023-06-28 00:29:22.207Z",1.09595,1.09601
"exness","EURUSD","2023-06-28 00:29:30.279Z",1.09593,1.09599
"exness","EURUSD","2023-06-28 00:29:31.320Z",1.09592,1.09599
"exness","EURUSD","2023-06-28 00:29:32.331Z",1.09593,1.09598
"exness","EURUSD","2023-06-28 00:29:34.133Z",1.09593,1.09599
"exness","EURUSD","2023-06-28 00:29:35.310Z",1.09593,1.096
"exness","EURUSD","2023-06-28 00:29:39.781Z",1.09592,1.09599
"exness","EURUSD","2023-06-28 00:29:41.986Z",1.09592,1.09598
"exness","EURUSD","2023-06-28 00:29:44.125Z",1.09592,1.0959699999999999
"exness","EURUSD","2023-06-28 00:29:46.298Z",1.09593,1.09598
"exness","EURUSD","2023-06-28 00:29:48.641Z",1.09591,1.09598
"exness","EURUSD","2023-06-28 00:29:53.872Z",1.09592,1.09598
"exness","EURUSD","2023-06-28 00:29:54.899Z",1.09591,1.0959699999999999
"exness","EURUSD","2023-06-28 00:29:57.202Z",1.09592,1.0959699999999999
"exness","EURUSD","2023-06-28 00:29:59.582Z",1.09591,1.09598
"exness","EURUSD","2023-06-28 00:30:00.789Z",1.09592,1.09599
"exness","EURUSD","2023-06-28 00:30:01.997Z",1.09593,1.09599
"exness","EURUSD","2023-06-28 00:30:03.405Z",1.09592,1.09598
"exness","EURUSD","2023-06-28 00:30:05.322Z",1.0959,1.09596
"exness","EURUSD","2023-06-28 00:30:05.416Z",1.09589,1.09595
"exness","EURUSD","2023-06-28 00:30:06.492Z",1.09588,1.09594
"exness","EURUSD","2023-06-28 00:30:09.492Z",1.0959,1.09595
"exness","EURUSD","2023-06-28 00:30:09.943Z",1.0959,1.09596
"exness","EURUSD","2023-06-28 00:30:10.466Z",1.09592,1.0959699999999999
"exness","EURUSD","2023-06-28 00:30:11.512Z",1.09591,1.0959699999999999
"exness","EURUSD","2023-06-28 00:30:15.429Z",1.0959,1.09596
"exness","EURUSD","2023-06-28 00:30:15.493Z",1.09588,1.09594
"exness","EURUSD","2023-06-28 00:30:16.549Z",1.09589,1.09594
"exness","EURUSD","2023-06-28 00:30:18.285Z",1.09589,1.09596
"exness","EURUSD","2023-06-28 00:30:19.281Z",1.0959,1.09595
"exness","EURUSD","2023-06-28 00:30:20.395Z",1.09589,1.09595
"exness","EURUSD","2023-06-28 00:30:22.625Z",1.0959,1.09595
"exness","EURUSD","2023-06-28 00:30:23.667Z",1.09589,1.09596
"exness","EURUSD","2023-06-28 00:30:25.427Z",1.09591,1.09596
"exness","EURUSD","2023-06-28 00:30:26.656Z",1.09591,1.09598
"exness","EURUSD","2023-06-28 00:30:27.005Z",1.09593,1.09599
"exness","EURUSD","2023-06-28 00:30:31.769Z",1.09592,1.09598
"exness","EURUSD","2023-06-28 00:30:32.274Z",1.09592,1.0959699999999999
"exness","EURUSD","2023-06-28 00:30:36.638Z",1.09592,1.09598
"exness","EURUSD","2023-06-28 00:30:37.767Z",1.09591,1.09598
"exness","EURUSD","2023-06-28 00:30:41.504Z",1.09593,1.09599
"exness","EURUSD","2023-06-28 00:30:43.776Z",1.09594,1.09599
"exness","EURUSD","2023-06-28 00:30:48.343Z",1.09594,1.096
"exness","EURUSD","2023-06-28 00:30:49.284Z",1.09592,1.09599
"exness","EURUSD","2023-06-28 00:30:50.566Z",1.09593,1.096
"exness","EURUSD","2023-06-28 00:30:55.807Z",1.09594,1.09599
"exness","EURUSD","2023-06-28 00:30:56.875Z",1.09593,1.09599
"exness","EURUSD","2023-06-28 00:31:00.209Z",1.09592,1.09598
"exness","EURUSD","2023-06-28 00:31:07.011Z",1.09592,1.0959699999999999
"exness","EURUSD","2023-06-28 00:31:09.577Z",1.09592,1.09598
"exness","EURUSD","2023-06-28 00:31:14.848Z",1.0959,1.0959699999999999
"exness","EURUSD","2023-06-28 00:31:15.861Z",1.09591,1.0959699999999999
"exness","EURUSD","2023-06-28 00:31:17.231Z",1.09591,1.09596
"exness","EURUSD","2023-06-28 00:31:20.400Z",1.09591,1.0959699999999999
"exness","EURUSD","2023-06-28 00:31:25.561Z",1.09591,1.09598
"exness","EURUSD","2023-06-28 00:31:30.654Z",1.09591,1.0959699999999999
"exness","EURUSD","2023-06-28 00:31:30.687Z",1.0959,1.09596
"exness","EURUSD","2023-06-28 00:31:30.975Z",1.09588,1.09594
"exness","EURUSD","2023-06-28 00:31:31.000Z",1.09586,1.09593
"exness","EURUSD","2023-06-28 00:31:31.472Z",1.09586,1.09591
"exness","EURUSD","2023-06-28 00:31:33.727Z",1.09585,1.09591
"exness","EURUSD","2023-06-28 00:31:41.310Z",1.09584,1.09591
"exness","EURUSD","2023-06-28 00:31:43.954Z",1.09584,1.09589
"exness","EURUSD","2023-06-28 00:31:45.117Z",1.09582,1.09588
"exness","EURUSD","2023-06-28 00:31:45.487Z",1.09583,1.0959
"exness","EURUSD","2023-06-28 00:31:46.702Z",1.09584,1.09589
"exness","EURUSD","2023-06-28 00:31:49.351Z",1.09582,1.09589
"exness","EURUSD","2023-06-28 00:31:51.653Z",1.09583,1.0959
"exness","EURUSD","2023-06-28 00:31:52.392Z",1.09583,1.09588
"exness","EURUSD","2023-06-28 00:31:53.771Z",1.09582,1.09588
"exness","EURUSD","2023-06-28 00:31:56.130Z",1.09581,1.09587
"exness","EURUSD","2023-06-28 00:32:01.062Z",1.09582,1.09587
"exness","EURUSD","2023-06-28 00:32:02.069Z",1.09581,1.09587
"exness","EURUSD","2023-06-28 00:32:02.094Z",1.09579,1.09586
"exness","EURUSD","2023-06-28 00:32:02.712Z",1.09579,1.09584
"exness","EURUSD","2023-06-28 00:32:05.867Z",1.09579,1.09585
"exness","EURUSD","2023-06-28 00:32:06.892Z",1.09578,1.09584
"exness","EURUSD","2023-06-28 00:32:09.427Z",1.09576,1.09583
"exness","EURUSD","2023-06-28 00:32:11.699Z",1.09576,1.09582
"exness","EURUSD","2023-06-28 00:32:14.717Z",1.09577,1.09582
"exness","EURUSD","2023-06-28 00:32:20.853Z",1.09575,1.09582
"exness","EURUSD","2023-06-28 00:32:24.050Z",1.09576,1.09582
"exness","EURUSD","2023-06-28 00:32:24.085Z",1.09577,1.09583
"exness","EURUSD","2023-06-28 00:32:24.098Z",1.09576,1.09582
"exness","EURUSD","2023-06-28 00:32:24.166Z",1.09576,1.09581
"exness","EURUSD","2023-06-28 00:32:25.064Z",1.09574,1.0958
"exness","EURUSD","2023-06-28 00:32:25.404Z",1.09572,1.09579
"exness","EURUSD","2023-06-28 00:32:27.039Z",1.09572,1.09578
"exness","EURUSD","2023-06-28 00:32:28.232Z",1.09571,1.09577
"exness","EURUSD","2023-06-28 00:32:29.450Z",1.0957,1.09577
"exness","EURUSD","2023-06-28 00:32:30.776Z",1.09569,1.09575
"exness","EURUSD","2023-06-28 00:32:31.305Z",1.09568,1.09573
"exness","EURUSD","2023-06-28 00:32:31.630Z",1.09569,1.09575
"exness","EURUSD","2023-06-28 00:32:31.692Z",1.0957,1.09576
"exness","EURUSD","2023-06-28 00:32:32.784Z",1.09571,1.09576
"exness","EURUSD","2023-06-28 00:32:36.349Z",1.0957,1.09576
"exness","EURUSD","2023-06-28 00:32:38.922Z",1.09571,1.09577
"exness","EURUSD","2023-06-28 00:32:40.147Z",1.09571,1.09576
"exness","EURUSD","2023-06-28 00:32:40.201Z",1.09572,1.09578
"exness","EURUSD","2023-06-28 00:32:41.413Z",1.09572,1.09577
"exness","EURUSD","2023-06-28 00:32:43.486Z",1.09572,1.09579
"exness","EURUSD","2023-06-28 00:32:43.878Z",1.09574,1.0958
"exness","EURUSD","2023-06-28 00:32:43.940Z",1.09575,1.0958
"exness","EURUSD","2023-06-28 00:32:44.126Z",1.09574,1.0958
"exness","EURUSD","2023-06-28 00:32:44.182Z",1.09573,1.09578
"exness","EURUSD","2023-06-28 00:32:44.224Z",1.09574,1.0958
"exness","EURUSD","2023-06-28 00:32:44.308Z",1.09575,1.09582
"exness","EURUSD","2023-06-28 00:32:47.227Z",1.09576,1.09582
"exness","EURUSD","2023-06-28 00:32:47.289Z",1.09576,1.09581
"exness","EURUSD","2023-06-28 00:32:52.327Z",1.09575,1.09581
"exness","EURUSD","2023-06-28 00:32:56.927Z",1.09573,1.09579
"exness","EURUSD","2023-06-28 00:32:58.233Z",1.09572,1.09579
"exness","EURUSD","2023-06-28 00:33:03.159Z",1.09573,1.09578
"exness","EURUSD","2023-06-28 00:33:04.312Z",1.09572,1.09578
"exness","EURUSD","2023-06-28 00:33:05.377Z",1.09572,1.09579
"exness","EURUSD","2023-06-28 00:33:06.652Z",1.09573,1.09579
"exness","EURUSD","2023-06-28 00:33:08.255Z",1.09573,1.09578
"exness","EURUSD","2023-06-28 00:33:12.172Z",1.09572,1.09578
"exness","EURUSD","2023-06-28 00:33:13.129Z",1.09574,1.0958
"exness","EURUSD","2023-06-28 00:33:15.843Z",1.09576,1.09581
"exness","EURUSD","2023-06-28 00:33:18.357Z",1.09574,1.0958
"exness","EURUSD","2023-06-28 00:33:21.665Z",1.09575,1.0958
"exness","EURUSD","2023-06-28 00:33:26.540Z",1.09574,1.0958
"exness","EURUSD","2023-06-28 00:33:29.147Z",1.09573,1.09579
"exness","EURUSD","2023-06-28 00:33:32.709Z",1.09573,1.09578
"exness","EURUSD","2023-06-28 00:33:37.822Z",1.09572,1.09579
"exness","EURUSD","2023-06-28 00:33:42.515Z",1.09574,1.0958
"exness","EURUSD","2023-06-28 00:33:43.652Z",1.09573,1.09579
"exness","EURUSD","2023-06-28 00:33:45.183Z",1.09572,1.09579
"exness","EURUSD","2023-06-28 00:33:51.847Z",1.09573,1.09578
"exness","EURUSD","2023-06-28 00:33:53.949Z",1.09572,1.09578
"exness","EURUSD","2023-06-28 00:33:55.008Z",1.09573,1.09579
"exness","EURUSD","2023-06-28 00:33:56.627Z",1.09573,1.09578
"exness","EURUSD","2023-06-28 00:34:01.199Z",1.09572,1.09579
"exness","EURUSD","2023-06-28 00:34:18.061Z",1.09573,1.09579
"exness","EURUSD","2023-06-28 00:34:19.184Z",1.09574,1.0958
"exness","EURUSD","2023-06-28 00:34:21.873Z",1.09574,1.09579
"exness","EURUSD","2023-06-28 00:34:23.094Z",1.09573,1.09579
"exness","EURUSD","2023-06-28 00:34:25.201Z",1.09573,1.09578
"exness","EURUSD","2023-06-28 00:34:28.449Z",1.09574,1.0958
"exness","EURUSD","2023-06-28 00:34:29.617Z",1.09574,1.09579
"exness","EURUSD","2023-06-28 00:34:30.690Z",1.09573,1.09579
"exness","EURUSD","2023-06-28 00:34:38.312Z",1.09572,1.09579
"exness","EURUSD","2023-06-28 00:34:40.523Z",1.09573,1.09579
"exness","EURUSD","2023-06-28 00:34:52.350Z",1.09572,1.09578
"exness","EURUSD","2023-06-28 00:34:56.013Z",1.09573,1.09579
"exness","EURUSD","2023-06-28 00:34:58.474Z",1.09574,1.09579
"exness","EURUSD","2023-06-28 00:34:59.491Z",1.09573,1.09579
"exness","EURUSD","2023-06-28 00:35:03.600Z",1.09574,1.0958
"exness","EURUSD","2023-06-28 00:35:05.902Z",1.09575,1.09581
"exness","EURUSD","2023-06-28 00:35:13.386Z",1.09577,1.09583
"exness","EURUSD","2023-06-28 00:35:13.415Z",1.09579,1.09584
"exness","EURUSD","2023-06-28 00:35:14.467Z",1.09578,1.09584
"exness","EURUSD","2023-06-28 00:35:17.662Z",1.09577,1.09583
"exness","EURUSD","2023-06-28 00:35:19.593Z",1.09576,1.09583
"exness","EURUSD","2023-06-28 00:35:22.925Z",1.09576,1.09582
"exness","EURUSD","2023-06-28 00:35:33.904Z",1.09575,1.09581
"exness","EURUSD","2023-06-28 00:35:38.305Z",1.09574,1.0958
"exness","EURUSD","2023-06-28 00:35:39.467Z",1.09575,1.09581
"exness","EURUSD","2023-06-28 00:35:42.707Z",1.09576,1.09581
"exness","EURUSD","2023-06-28 00:35:45.682Z",1.09576,1.09582
"exness","EURUSD","2023-06-28 00:35:46.695Z",1.09577,1.09582
"exness","EURUSD","2023-06-28 00:35:52.506Z",1.09576,1.09582
"exness","EURUSD","2023-06-28 00:35:55.157Z",1.09575,1.09581
"exness","EURUSD","2023-06-28 00:35:58.862Z",1.09576,1.09581
"exness","EURUSD","2023-06-28 00:36:02.296Z",1.09576,1.09582
"exness","EURUSD","2023-06-28 00:36:04.430Z",1.09574,1.09581
"exness","EURUSD","2023-06-28 00:36:09.303Z",1.09575,1.0958
"exness","EURUSD","2023-06-28 00:36:13.690Z",1.09575,1.09581
"exness","EURUSD","2023-06-28 00:36:17.679Z",1.09575,1.0958
"exness","EURUSD","2023-06-28 00:36:21.871Z",1.09574,1.0958
"exness","EURUSD","2023-06-28 00:36:26.771Z",1.09573,1.0958
"exness","EURUSD","2023-06-28 00:36:27.809Z",1.09574,1.0958
"exness","EURUSD","2023-06-28 00:36:29.819Z",1.09573,1.09579
"exness","EURUSD","2023-06-28 00:36:30.891Z",1.09574,1.09579
"exness","EURUSD","2023-06-28 00:36:31.479Z",1.09574,1.0958
"exness","EURUSD","2023-06-28 00:36:32.948Z",1.09576,1.09582
"exness","EURUSD","2023-06-28 00:36:36.660Z",1.09574,1.0958
"exness","EURUSD","2023-06-28 00:36:37.679Z",1.09573,1.0958
"exness","EURUSD","2023-06-28 00:36:38.799Z",1.09573,1.09579
"exness","EURUSD","2023-06-28 00:36:40.007Z",1.09574,1.09581
"exness","EURUSD","2023-06-28 00:36:40.670Z",1.09574,1.09579
"exness","EURUSD","2023-06-28 00:36:44.007Z",1.09573,1.09579
"exness","EURUSD","2023-06-28 00:36:44.034Z",1.09575,1.0958
"exness","EURUSD","2023-06-28 00:36:45.038Z",1.09574,1.0958
"exness","EURUSD","2023-06-28 00:36:46.041Z",1.09574,1.09579
"exness","EURUSD","2023-06-28 00:36:46.968Z",1.09574,1.09581
"exness","EURUSD","2023-06-28 00:36:48.113Z",1.09576,1.09582
"exness","EURUSD","2023-06-28 00:36:49.212Z",1.09577,1.09582
"exness","EURUSD","2023-06-28 00:36:50.411Z",1.09575,1.09581
"exness","EURUSD","2023-06-28 00:36:51.607Z",1.09574,1.0958
"exness","EURUSD","2023-06-28 00:36:53.447Z",1.09575,1.0958
"exness","EURUSD","2023-06-28 00:36:53.460Z",1.09573,1.09579
"exness","EURUSD","2023-06-28 00:36:57.052Z",1.09572,1.09578
"exness","EURUSD","2023-06-28 00:37:04.965Z",1.09572,1.09577
"exness","EURUSD","2023-06-28 00:37:07.047Z",1.0957,1.09576
"exness","EURUSD","2023-06-28 00:37:10.969Z",1.09571,1.09577
"exness","EURUSD","2023-06-28 00:37:12.367Z",1.09572,1.09578
"exness","EURUSD","2023-06-28 00:37:13.612Z",1.09572,1.09579
"exness","EURUSD","2023-06-28 00:37:19.614Z",1.09573,1.09579
"exness","EURUSD","2023-06-28 00:37:22.915Z",1.09574,1.0958
"exness","EURUSD","2023-06-28 00:37:23.944Z",1.09574,1.09579
"exness","EURUSD","2023-06-28 00:37:27.898Z",1.09573,1.09579
"exness","EURUSD","2023-06-28 00:37:34.224Z",1.09574,1.09581
"exness","EURUSD","2023-06-28 00:37:35.846Z",1.09575,1.09581
"exness","EURUSD","2023-06-28 00:37:39.101Z",1.09573,1.09579
"exness","EURUSD","2023-06-28 00:37:42.187Z",1.09573,1.09578
"exness","EURUSD","2023-06-28 00:37:44.346Z",1.09573,1.09579
"exness","EURUSD","2023-06-28 00:37:54.401Z",1.09572,1.09579
"exness","EURUSD","2023-06-28 00:38:00.920Z",1.09573,1.09579
"exness","EURUSD","2023-06-28 00:38:08.756Z",1.09574,1.0958
"exness","EURUSD","2023-06-28 00:38:10.928Z",1.09575,1.09581
"exness","EURUSD","2023-06-28 00:38:12.128Z",1.09575,1.0958
"exness","EURUSD","2023-06-28 00:38:12.393Z",1.09573,1.09579
"exness","EURUSD","2023-06-28 00:38:14.402Z",1.09572,1.09577
"exness","EURUSD","2023-06-28 00:38:17.216Z",1.09571,1.09578
"exness","EURUSD","2023-06-28 00:38:20.258Z",1.09572,1.09577
"exness","EURUSD","2023-06-28 00:38:24.997Z",1.09571,1.09578
"exness","EURUSD","2023-06-28 00:38:36.958Z",1.09572,1.09578
"exness","EURUSD","2023-06-28 00:38:37.975Z",1.09572,1.09577
"exness","EURUSD","2023-06-28 00:38:41.625Z",1.0957,1.09577
"exness","EURUSD","2023-06-28 00:38:41.638Z",1.09569,1.09575
"exness","EURUSD","2023-06-28 00:38:42.731Z",1.0957,1.09576
"exness","EURUSD","2023-06-28 00:38:45.371Z",1.09571,1.09576
"exness","EURUSD","2023-06-28 00:38:47.813Z",1.0957,1.09577
"exness","EURUSD","2023-06-28 00:38:48.985Z",1.0957,1.09576
"exness","EURUSD","2023-06-28 00:38:52.966Z",1.0957,1.09575
"exness","EURUSD","2023-06-28 00:38:54.109Z",1.09569,1.09576
"exness","EURUSD","2023-06-28 00:38:55.189Z",1.09569,1.09575
"exness","EURUSD","2023-06-28 00:38:56.901Z",1.09568,1.09574
"exness","EURUSD","2023-06-28 00:38:57.931Z",1.09567,1.09573
"exness","EURUSD","2023-06-28 00:39:02.145Z",1.09567,1.09572
"exness","EURUSD","2023-06-28 00:39:10.968Z",1.09567,1.09573
"exness","EURUSD","2023-06-28 00:39:12.148Z",1.09566,1.09573
"exness","EURUSD","2023-06-28 00:39:17.346Z",1.09567,1.09573
"exness","EURUSD","2023-06-28 00:39:31.376Z",1.09566,1.09572
"exness","EURUSD","2023-06-28 00:39:32.546Z",1.09564,1.0957
"exness","EURUSD","2023-06-28 00:39:33.605Z",1.09563,1.09569
"exness","EURUSD","2023-06-28 00:39:39.386Z",1.09564,1.09569
"exness","EURUSD","2023-06-28 00:39:40.443Z",1.09563,1.09569
"exness","EURUSD","2023-06-28 00:39:41.806Z",1.09562,1.09568
"exness","EURUSD","2023-06-28 00:39:48.461Z",1.09563,1.0957
"exness","EURUSD","2023-06-28 00:39:48.501Z",1.09565,1.09571
"exness","EURUSD","2023-06-28 00:39:49.636Z",1.09566,1.09572
"exness","EURUSD","2023-06-28 00:39:50.647Z",1.09565,1.09571
"exness","EURUSD","2023-06-28 00:39:50.677Z",1.09563,1.0957
"exness","EURUSD","2023-06-28 00:39:51.685Z",1.09563,1.09568
"exness","EURUSD","2023-06-28 00:39:54.038Z",1.09563,1.09569
"exness","EURUSD","2023-06-28 00:39:57.262Z",1.09563,1.0957
"exness","EURUSD","2023-06-28 00:39:58.134Z",1.09562,1.09568
"exness","EURUSD","2023-06-28 00:39:59.755Z",1.09563,1.09568
"exness","EURUSD","2023-06-28 00:40:00.781Z",1.09563,1.09569
"exness","EURUSD","2023-06-28 00:40:01.868Z",1.09562,1.09568
"exness","EURUSD","2023-06-28 00:40:06.462Z",1.09562,1.09567
"exness","EURUSD","2023-06-28 00:40:07.411Z",1.09563,1.09569
"exness","EURUSD","2023-06-28 00:40:10.469Z",1.09565,1.0957
"exness","EURUSD","2023-06-28 00:40:11.539Z",1.09564,1.0957
"exness","EURUSD","2023-06-28 00:40:12.543Z",1.09565,1.0957
"exness","EURUSD","2023-06-28 00:40:13.655Z",1.09563,1.0957
"exness","EURUSD","2023-06-28 00:40:15.975Z",1.09563,1.09569
"exness","EURUSD","2023-06-28 00:40:16.383Z",1.09565,1.09571
"exness","EURUSD","2023-06-28 00:40:16.430Z",1.09567,1.09573
"exness","EURUSD","2023-06-28 00:40:19.059Z",1.09568,1.09573
"exness","EURUSD","2023-06-28 00:40:21.859Z",1.09567,1.09574
"exness","EURUSD","2023-06-28 00:40:28.842Z",1.09568,1.09575
"exness","EURUSD","2023-06-28 00:40:31.105Z",1.09568,1.09574
"exness","EURUSD","2023-06-28 00:40:35.757Z",1.09566,1.09572
"exness","EURUSD","2023-06-28 00:40:39.600Z",1.09567,1.09573
"exness","EURUSD","2023-06-28 00:40:40.645Z",1.09567,1.09572
"exness","EURUSD","2023-06-28 00:40:42.262Z",1.09568,1.09573
"exness","EURUSD","2023-06-28 00:40:44.419Z",1.09566,1.09572
"exness","EURUSD","2023-06-28 00:40:46.996Z",1.09566,1.09573
"exness","EURUSD","2023-06-28 00:40:48.311Z",1.09565,1.09572
"exness","EURUSD","2023-06-28 00:40:49.472Z",1.09566,1.09571
"exness","EURUSD","2023-06-28 00:40:49.985Z",1.09566,1.09573
"exness","EURUSD","2023-06-28 00:40:50.514Z",1.09568,1.09574
"exness","EURUSD","2023-06-28 00:40:51.528Z",1.09569,1.09574
"exness","EURUSD","2023-06-28 00:40:55.178Z",1.09568,1.09574
"exness","EURUSD","2023-06-28 00:40:58.801Z",1.09566,1.09573
"exness","EURUSD","2023-06-28 00:40:59.827Z",1.09566,1.09572
"exness","EURUSD","2023-06-28 00:41:02.358Z",1.09566,1.09571
"exness","EURUSD","2023-06-28 00:41:03.364Z",1.09565,1.09572
"exness","EURUSD","2023-06-28 00:41:09.539Z",1.09567,1.09573
"exness","EURUSD","2023-06-28 00:41:10.536Z",1.09568,1.09573
"exness","EURUSD","2023-06-28 00:41:12.749Z",1.09568,1.09574
"exness","EURUSD","2023-06-28 00:41:16.106Z",1.09567,1.09573
"exness","EURUSD","2023-06-28 00:41:17.136Z",1.09566,1.09572
"exness","EURUSD","2023-06-28 00:41:21.624Z",1.09567,1.09572
"exness","EURUSD","2023-06-28 00:41:23.570Z",1.09566,1.09572
"exness","EURUSD","2023-06-28 00:41:27.169Z",1.09565,1.09572
"exness","EURUSD","2023-06-28 00:41:28.436Z",1.09566,1.09572
"exness","EURUSD","2023-06-28 00:41:29.038Z",1.09567,1.09573
"exness","EURUSD","2023-06-28 00:41:29.211Z",1.09569,1.09574
"exness","EURUSD","2023-06-28 00:41:29.852Z",1.09567,1.09574
"exness","EURUSD","2023-06-28 00:41:31.674Z",1.09566,1.09573
"exness","EURUSD","2023-06-28 00:41:32.541Z",1.09566,1.09571
"exness","EURUSD","2023-06-28 00:41:33.404Z",1.09565,1.09571
"exness","EURUSD","2023-06-28 00:41:34.416Z",1.09564,1.09571
"exness","EURUSD","2023-06-28 00:41:36.304Z",1.09565,1.0957
"exness","EURUSD","2023-06-28 00:41:38.887Z",1.09565,1.09571
"exness","EURUSD","2023-06-28 00:41:41.072Z",1.09566,1.09573
"exness","EURUSD","2023-06-28 00:41:41.317Z",1.09568,1.09573
"exness","EURUSD","2023-06-28 00:41:41.429Z",1.09566,1.09572
"exness","EURUSD","2023-06-28 00:41:42.483Z",1.09567,1.09573
"exness","EURUSD","2023-06-28 00:41:47.429Z",1.09566,1.09572
"exness","EURUSD","2023-06-28 00:41:53.704Z",1.09566,1.09573
"exness","EURUSD","2023-06-28 00:41:55.278Z",1.09565,1.09571
"exness","EURUSD","2023-06-28 00:41:56.474Z",1.09566,1.09571
"exness","EURUSD","2023-06-28 00:41:56.558Z",1.09564,1.0957
"exness","EURUSD","2023-06-28 00:42:00.677Z",1.09565,1.09571
"exness","EURUSD","2023-06-28 00:42:01.725Z",1.09566,1.09571
"exness","EURUSD","2023-06-28 00:42:02.894Z",1.09565,1.09572
"exness","EURUSD","2023-06-28 00:42:05.928Z",1.09566,1.09572
"exness","EURUSD","2023-06-28 00:42:06.028Z",1.09567,1.09574
"exness","EURUSD","2023-06-28 00:42:06.621Z",1.09569,1.09574
"exness","EURUSD","2023-06-28 00:42:07.663Z",1.09568,1.09573
"exness","EURUSD","2023-06-28 00:42:08.662Z",1.09567,1.09573
"exness","EURUSD","2023-06-28 00:42:09.690Z",1.09566,1.09573
"exness","EURUSD","2023-06-28 00:42:14.438Z",1.09567,1.09573
"exness","EURUSD","2023-06-28 00:42:17.485Z",1.09567,1.09574
"exness","EURUSD","2023-06-28 00:42:18.973Z",1.09568,1.09573
"exness","EURUSD","2023-06-28 00:42:21.044Z",1.09566,1.09573
"exness","EURUSD","2023-06-28 00:42:22.044Z",1.09566,1.09572
"exness","EURUSD","2023-06-28 00:42:23.101Z",1.09567,1.09572
"exness","EURUSD","2023-06-28 00:42:24.465Z",1.09566,1.09571
"exness","EURUSD","2023-06-28 00:42:25.949Z",1.09566,1.09572
"exness","EURUSD","2023-06-28 00:42:28.015Z",1.09567,1.09573
"exness","EURUSD","2023-06-28 00:42:32.136Z",1.09566,1.09572
"exness","EURUSD","2023-06-28 00:42:33.415Z",1.09564,1.09571
"exness","EURUSD","2023-06-28 00:42:35.289Z",1.09564,1.09569
"exness","EURUSD","2023-06-28 00:42:37.443Z",1.09563,1.09569
"exness","EURUSD","2023-06-28 00:42:38.668Z",1.09562,1.09569
"exness","EURUSD","2023-06-28 00:42:39.452Z",1.09562,1.09567
"exness","EURUSD","2023-06-28 00:42:40.459Z",1.09562,1.09568
"exness","EURUSD","2023-06-28 00:42:41.650Z",1.0956,1.09567
"exness","EURUSD","2023-06-28 00:42:42.909Z",1.09559,1.09565
"exness","EURUSD","2023-06-28 00:42:43.067Z",1.09557,1.09563
"exness","EURUSD","2023-06-28 00:42:44.138Z",1.09558,1.09564
"exness","EURUSD","2023-06-28 00:42:44.638Z",1.09556,1.09562
"exness","EURUSD","2023-06-28 00:42:45.054Z",1.09558,1.09564
"exness","EURUSD","2023-06-28 00:42:48.350Z",1.09558,1.09565
"exness","EURUSD","2023-06-28 00:42:49.350Z",1.09558,1.09564
"exness","EURUSD","2023-06-28 00:42:54.132Z",1.09558,1.09565
"exness","EURUSD","2023-06-28 00:42:55.444Z",1.09558,1.09564
"exness","EURUSD","2023-06-28 00:43:06.930Z",1.09557,1.09564
"exness","EURUSD","2023-06-28 00:43:07.983Z",1.09558,1.09564
"exness","EURUSD","2023-06-28 00:43:10.091Z",1.09558,1.09563
"exness","EURUSD","2023-06-28 00:43:11.407Z",1.09556,1.09563
"exness","EURUSD","2023-06-28 00:43:12.372Z",1.09555,1.09561
"exness","EURUSD","2023-06-28 00:43:17.111Z",1.09555,1.0956
"exness","EURUSD","2023-06-28 00:43:17.423Z",1.09554,1.0956
"exness","EURUSD","2023-06-28 00:43:18.464Z",1.09554,1.09559
"exness","EURUSD","2023-06-28 00:43:27.680Z",1.0955300000000001,1.09559
"exness","EURUSD","2023-06-28 00:43:32.509Z",1.09554,1.0956
"exness","EURUSD","2023-06-28 00:43:34.563Z",1.09554,1.09561
"exness","EURUSD","2023-06-28 00:43:35.912Z",1.0955300000000001,1.09559
"exness","EURUSD","2023-06-28 00:43:35.951Z",1.09554,1.09561
"exness","EURUSD","2023-06-28 00:43:36.207Z",1.09556,1.09562
"exness","EURUSD","2023-06-28 00:43:36.252Z",1.09558,1.09563
"exness","EURUSD","2023-06-28 00:43:37.591Z",1.09557,1.09564
"exness","EURUSD","2023-06-28 00:43:38.807Z",1.09557,1.09563
"exness","EURUSD","2023-06-28 00:43:42.869Z",1.09556,1.09563
"exness","EURUSD","2023-06-28 00:43:43.937Z",1.09557,1.09563
"exness","EURUSD","2023-06-28 00:43:50.580Z",1.09556,1.09562
"exness","EURUSD","2023-06-28 00:43:51.712Z",1.09558,1.09563
"exness","EURUSD","2023-06-28 00:43:53.259Z",1.09557,1.09563
"exness","EURUSD","2023-06-28 00:43:55.230Z",1.09556,1.09562
"exness","EURUSD","2023-06-28 00:43:56.592Z",1.09556,1.09561
"exness","EURUSD","2023-06-28 00:43:57.605Z",1.09556,1.09562
"exness","EURUSD","2023-06-28 00:44:02.208Z",1.09555,1.09561
"exness","EURUSD","2023-06-28 00:44:06.543Z",1.0955300000000001,1.09559
"exness","EURUSD","2023-06-28 00:44:07.572Z",1.09552,1.09558
"exness","EURUSD","2023-06-28 00:44:08.657Z",1.09551,1.09557
"exness","EURUSD","2023-06-28 00:44:09.645Z",1.0955,1.09556
"exness","EURUSD","2023-06-28 00:44:10.883Z",1.09551,1.09557
"exness","EURUSD","2023-06-28 00:44:10.921Z",1.0955,1.09555
"exness","EURUSD","2023-06-28 00:44:11.969Z",1.0955,1.09556
"exness","EURUSD","2023-06-28 00:44:16.731Z",1.09549,1.09555
"exness","EURUSD","2023-06-28 00:44:17.805Z",1.09548,1.09554
"exness","EURUSD","2023-06-28 00:44:20.254Z",1.09549,1.09556
"exness","EURUSD","2023-06-28 00:44:21.422Z",1.0955,1.09557
"exness","EURUSD","2023-06-28 00:44:23.643Z",1.09549,1.09555
"exness","EURUSD","2023-06-28 00:44:25.476Z",1.09551,1.09556
"exness","EURUSD","2023-06-28 00:44:26.032Z",1.09549,1.09555
"exness","EURUSD","2023-06-28 00:44:26.064Z",1.09547,1.09554
"exness","EURUSD","2023-06-28 00:44:27.160Z",1.09546,1.09552
"exness","EURUSD","2023-06-28 00:44:31.965Z",1.09547,1.09554
"exness","EURUSD","2023-06-28 00:44:34.542Z",1.09547,1.0955300000000001
"exness","EURUSD","2023-06-28 00:44:45.396Z",1.09547,1.09554
"exness","EURUSD","2023-06-28 00:44:46.431Z",1.09547,1.0955300000000001
"exness","EURUSD","2023-06-28 00:45:00.485Z",1.09548,1.09555
"exness","EURUSD","2023-06-28 00:45:00.599Z",1.0955,1.09556
"exness","EURUSD","2023-06-28 00:45:01.166Z",1.09551,1.09556
"exness","EURUSD","2023-06-28 00:45:02.503Z",1.0955,1.09556
"exness","EURUSD","2023-06-28 00:45:02.512Z",1.09548,1.09554
"exness","EURUSD","2023-06-28 00:45:02.848Z",1.09546,1.0955300000000001
"exness","EURUSD","2023-06-28 00:45:04.012Z",1.09546,1.09552
"exness","EURUSD","2023-06-28 00:45:04.032Z",1.09547,1.09554
"exness","EURUSD","2023-06-28 00:45:04.147Z",1.09549,1.09554
"exness","EURUSD","2023-06-28 00:45:04.218Z",1.0955,1.09556
"exness","EURUSD","2023-06-28 00:45:05.218Z",1.09551,1.09556
"exness","EURUSD","2023-06-28 00:45:08.920Z",1.0955,1.09556
"exness","EURUSD","2023-06-28 00:45:18.596Z",1.09549,1.09555
"exness","EURUSD","2023-06-28 00:45:28.891Z",1.09549,1.09556
"exness","EURUSD","2023-06-28 00:45:35.233Z",1.09549,1.09555
"exness","EURUSD","2023-06-28 00:45:36.262Z",1.09548,1.09554
"exness","EURUSD","2023-06-28 00:45:39.527Z",1.09547,1.0955300000000001
"exness","EURUSD","2023-06-28 00:45:41.353Z",1.09548,1.0955300000000001
"exness","EURUSD","2023-06-28 00:45:45.097Z",1.09547,1.0955300000000001
"exness","EURUSD","2023-06-28 00:45:53.299Z",1.09548,1.09555
"exness","EURUSD","2023-06-28 00:45:54.319Z",1.09548,1.09554
"exness","EURUSD","2023-06-28 00:45:56.916Z",1.09548,1.09555
"exness","EURUSD","2023-06-28 00:45:57.940Z",1.09549,1.09555
"exness","EURUSD","2023-06-28 00:46:00.996Z",1.09549,1.09554
"exness","EURUSD","2023-06-28 00:46:02.103Z",1.09549,1.09555
"exness","EURUSD","2023-06-28 00:46:04.473Z",1.0955,1.09555
"exness","EURUSD","2023-06-28 00:46:05.286Z",1.09548,1.09554
"exness","EURUSD","2023-06-28 00:46:06.475Z",1.09547,1.09554
"exness","EURUSD","2023-06-28 00:46:07.506Z",1.09549,1.09555
"exness","EURUSD","2023-06-28 00:46:09.450Z",1.09549,1.09554
"exness","EURUSD","2023-06-28 00:46:10.528Z",1.09548,1.09554
"exness","EURUSD","2023-06-28 00:46:13.219Z",1.09548,1.0955300000000001
"exness","EURUSD","2023-06-28 00:46:14.712Z",1.09546,1.0955300000000001
"exness","EURUSD","2023-06-28 00:46:15.753Z",1.09546,1.09552
"exness","EURUSD","2023-06-28 00:46:19.695Z",1.09547,1.09552
"exness","EURUSD","2023-06-28 00:46:20.753Z",1.09546,1.0955300000000001
"exness","EURUSD","2023-06-28 00:46:23.485Z",1.09546,1.09552
"exness","EURUSD","2023-06-28 00:46:25.477Z",1.09544,1.0955
"exness","EURUSD","2023-06-28 00:46:25.571Z",1.09542,1.09549
"exness","EURUSD","2023-06-28 00:46:26.107Z",1.09544,1.09549
"exness","EURUSD","2023-06-28 00:46:26.427Z",1.09544,1.09551
"exness","EURUSD","2023-06-28 00:46:28.018Z",1.09545,1.0955
"exness","EURUSD","2023-06-28 00:46:30.350Z",1.09545,1.09552
"exness","EURUSD","2023-06-28 00:46:31.304Z",1.09547,1.09552
"exness","EURUSD","2023-06-28 00:46:32.317Z",1.09548,1.09554
"exness","EURUSD","2023-06-28 00:46:33.447Z",1.09546,1.0955300000000001
"exness","EURUSD","2023-06-28 00:46:40.729Z",1.09546,1.09552
"exness","EURUSD","2023-06-28 00:46:46.068Z",1.09545,1.09551
"exness","EURUSD","2023-06-28 00:46:51.124Z",1.09545,1.0955
"exness","EURUSD","2023-06-28 00:46:59.197Z",1.09545,1.09551
"exness","EURUSD","2023-06-28 00:47:02.176Z",1.09546,1.09552
"exness","EURUSD","2023-06-28 00:47:06.039Z",1.09545,1.09551
"exness","EURUSD","2023-06-28 00:47:08.341Z",1.09544,1.09551
"exness","EURUSD","2023-06-28 00:47:11.058Z",1.09545,1.0955
"exness","EURUSD","2023-06-28 00:47:16.657Z",1.09544,1.09551
"exness","EURUSD","2023-06-28 00:47:18.272Z",1.09545,1.09551
"exness","EURUSD","2023-06-28 00:47:31.871Z",1.09545,1.0955
"exness","EURUSD","2023-06-28 00:47:32.631Z",1.09546,1.09552
"exness","EURUSD","2023-06-28 00:47:33.495Z",1.09547,1.09552
"exness","EURUSD","2023-06-28 00:47:34.496Z",1.09546,1.09552
"exness","EURUSD","2023-06-28 00:47:47.299Z",1.09548,1.0955300000000001
"exness","EURUSD","2023-06-28 00:47:48.329Z",1.09546,1.09552
"exness","EURUSD","2023-06-28 00:47:48.707Z",1.09548,1.09554
"exness","EURUSD","2023-06-28 00:47:49.802Z",1.09549,1.09555
"exness","EURUSD","2023-06-28 00:47:51.021Z",1.0955,1.09556
"exness","EURUSD","2023-06-28 00:47:51.053Z",1.09548,1.09554
"exness","EURUSD","2023-06-28 00:47:52.241Z",1.09548,1.0955300000000001
"exness","EURUSD","2023-06-28 00:47:53.366Z",1.09547,1.09552
"exness","EURUSD","2023-06-28 00:47:56.709Z",1.09547,1.0955300000000001
"exness","EURUSD","2023-06-28 00:47:58.264Z",1.09548,1.09555
"exness","EURUSD","2023-06-28 00:47:58.427Z",1.0955,1.09556
"exness","EURUSD","2023-06-28 00:47:58.443Z",1.09552,1.09558
"exness","EURUSD","2023-06-28 00:47:58.911Z",1.0955300000000001,1.09558
"exness","EURUSD","2023-06-28 00:47:59.962Z",1.0955300000000001,1.09559
"exness","EURUSD","2023-06-28 00:48:02.064Z",1.09551,1.09558
"exness","EURUSD","2023-06-28 00:48:03.259Z",1.0955,1.09557
"exness","EURUSD","2023-06-28 00:48:04.118Z",1.09552,1.09557
"exness","EURUSD","2023-06-28 00:48:04.569Z",1.09551,1.09557
"exness","EURUSD","2023-06-28 00:48:05.220Z",1.09551,1.09556
"exness","EURUSD","2023-06-28 00:48:07.833Z",1.0955,1.09557
"exness","EURUSD","2023-06-28 00:48:12.264Z",1.09551,1.09557
"exness","EURUSD","2023-06-28 00:48:13.291Z",1.0955,1.09556
"exness","EURUSD","2023-06-28 00:48:14.903Z",1.0955,1.09557
"exness","EURUSD","2023-06-28 00:48:16.273Z",1.0955,1.09556
"exness","EURUSD","2023-06-28 00:48:18.483Z",1.09551,1.09557
"exness","EURUSD","2023-06-28 00:48:23.125Z",1.09551,1.09556
"exness","EURUSD","2023-06-28 00:48:23.136Z",1.0955,1.09556
"exness","EURUSD","2023-06-28 00:48:23.151Z",1.09548,1.09554
"exness","EURUSD","2023-06-28 00:48:23.262Z",1.09547,1.09552
"exness","EURUSD","2023-06-28 00:48:24.336Z",1.09547,1.0955300000000001
"exness","EURUSD","2023-06-28 00:48:25.806Z",1.09546,1.09552
"exness","EURUSD","2023-06-28 00:48:29.096Z",1.09545,1.09552
"exness","EURUSD","2023-06-28 00:48:33.811Z",1.09546,1.09552
"exness","EURUSD","2023-06-28 00:48:39.333Z",1.09545,1.09552
"exness","EURUSD","2023-06-28 00:48:40.790Z",1.09546,1.09552
"exness","EURUSD","2023-06-28 00:48:40.893Z",1.09547,1.09554
"exness","EURUSD","2023-06-28 00:48:40.934Z",1.09549,1.09555
"exness","EURUSD","2023-06-28 00:48:41.094Z",1.09551,1.09557
"exness","EURUSD","2023-06-28 00:48:41.114Z",1.09552,1.09558
"exness","EURUSD","2023-06-28 00:48:41.196Z",1.09554,1.09559
"exness","EURUSD","2023-06-28 00:48:42.176Z",1.09554,1.09561
"exness","EURUSD","2023-06-28 00:48:43.439Z",1.09555,1.09561
"exness","EURUSD","2023-06-28 00:48:43.485Z",1.09554,1.09559
"exness","EURUSD","2023-06-28 00:48:44.491Z",1.09554,1.0956
"exness","EURUSD","2023-06-28 00:48:45.572Z",1.09555,1.09561
"exness","EURUSD","2023-06-28 00:48:50.547Z",1.09557,1.09563
"exness","EURUSD","2023-06-28 00:48:51.821Z",1.09558,1.09564
"exness","EURUSD","2023-06-28 00:48:52.151Z",1.09559,1.09565
"exness","EURUSD","2023-06-28 00:48:52.729Z",1.0956,1.09565
"exness","EURUSD","2023-06-28 00:48:52.769Z",1.09559,1.09565
"exness","EURUSD","2023-06-28 00:48:52.822Z",1.09557,1.09564
"exness","EURUSD","2023-06-28 00:48:53.913Z",1.09557,1.09562
"exness","EURUSD","2023-06-28 00:48:54.493Z",1.09556,1.09562
"exness","EURUSD","2023-06-28 00:48:55.632Z",1.09555,1.09561
"exness","EURUSD","2023-06-28 00:48:55.678Z",1.09555,1.0956
"exness","EURUSD","2023-06-28 00:48:58.560Z",1.09554,1.0956
"exness","EURUSD","2023-06-28 00:49:01.173Z",1.09552,1.09559
"exness","EURUSD","2023-06-28 00:49:02.262Z",1.09552,1.09557
"exness","EURUSD","2023-06-28 00:49:03.429Z",1.09552,1.09558
"exness","EURUSD","2023-06-28 00:49:04.580Z",1.09551,1.09558
"exness","EURUSD","2023-06-28 00:49:05.663Z",1.09552,1.09558
"exness","EURUSD","2023-06-28 00:49:08.611Z",1.0955300000000001,1.09559
"exness","EURUSD","2023-06-28 00:49:09.855Z",1.09554,1.0956
"exness","EURUSD","2023-06-28 00:49:10.910Z",1.09555,1.0956
"exness","EURUSD","2023-06-28 00:49:15.063Z",1.09554,1.0956
"exness","EURUSD","2023-06-28 00:49:18.889Z",1.09554,1.09561
"exness","EURUSD","2023-06-28 00:49:20.379Z",1.09555,1.0956
"exness","EURUSD","2023-06-28 00:49:22.898Z",1.09554,1.09561
"exness","EURUSD","2023-06-28 00:49:28.780Z",1.09555,1.09561
"exness","EURUSD","2023-06-28 00:49:36.764Z",1.09554,1.09561
"exness","EURUSD","2023-06-28 00:49:37.845Z",1.09555,1.0956
"exness","EURUSD","2023-06-28 00:49:39.192Z",1.09554,1.09561
"exness","EURUSD","2023-06-28 00:49:40.331Z",1.09555,1.09561
"exness","EURUSD","2023-06-28 00:49:42.750Z",1.09555,1.0956
"exness","EURUSD","2023-06-28 00:49:43.949Z",1.09555,1.09561
"exness","EURUSD","2023-06-28 00:49:50.002Z",1.09555,1.09562
"exness","EURUSD","2023-06-28 00:50:00.648Z",1.09556,1.09561
"exness","EURUSD","2023-06-28 00:50:03.284Z",1.09555,1.09562
"exness","EURUSD","2023-06-28 00:50:04.499Z",1.09555,1.09561
"exness","EURUSD","2023-06-28 00:50:07.883Z",1.0955300000000001,1.09559
"exness","EURUSD","2023-06-28 00:50:08.038Z",1.09551,1.09558
"exness","EURUSD","2023-06-28 00:50:09.113Z",1.09551,1.09557
"exness","EURUSD","2023-06-28 00:50:11.439Z",1.0955,1.09557
"exness","EURUSD","2023-06-28 00:50:12.554Z",1.0955,1.09556
"exness","EURUSD","2023-06-28 00:50:14.649Z",1.09549,1.09556
"exness","EURUSD","2023-06-28 00:50:15.245Z",1.09551,1.09556
"exness","EURUSD","2023-06-28 00:50:19.960Z",1.0955,1.09556
"exness","EURUSD","2023-06-28 00:50:25.875Z",1.09551,1.09557
"exness","EURUSD","2023-06-28 00:50:28.191Z",1.0955,1.09556
"exness","EURUSD","2023-06-28 00:50:30.258Z",1.09551,1.09557
"exness","EURUSD","2023-06-28 00:50:31.382Z",1.09552,1.09558
"exness","EURUSD","2023-06-28 00:50:38.285Z",1.09551,1.09557
"exness","EURUSD","2023-06-28 00:50:39.669Z",1.09551,1.09556
"exness","EURUSD","2023-06-28 00:50:43.862Z",1.09551,1.09558
"exness","EURUSD","2023-06-28 00:50:44.929Z",1.09552,1.09558
"exness","EURUSD","2023-06-28 00:50:46.877Z",1.09551,1.09556
"exness","EURUSD","2023-06-28 00:50:51.336Z",1.0955,1.09556
"exness","EURUSD","2023-06-28 00:50:53.734Z",1.0955,1.09557
"exness","EURUSD","2023-06-28 00:50:53.752Z",1.09552,1.09558
"exness","EURUSD","2023-06-28 00:50:53.787Z",1.09554,1.0956
"exness","EURUSD","2023-06-28 00:50:56.001Z",1.09555,1.09561
"exness","EURUSD","2023-06-28 00:50:56.259Z",1.09556,1.09562
"exness","EURUSD","2023-06-28 00:50:56.277Z",1.09558,1.09563
"exness","EURUSD","2023-06-28 00:50:56.339Z",1.09558,1.09564
"exness","EURUSD","2023-06-28 00:50:57.371Z",1.09558,1.09563
"exness","EURUSD","2023-06-28 00:50:57.570Z",1.09557,1.09563
"exness","EURUSD","2023-06-28 00:50:58.681Z",1.09556,1.09562
"exness","EURUSD","2023-06-28 00:51:00.344Z",1.09555,1.09562
"exness","EURUSD","2023-06-28 00:51:03.533Z",1.09555,1.09561
"exness","EURUSD","2023-06-28 00:51:03.557Z",1.0955300000000001,1.0956
"exness","EURUSD","2023-06-28 00:51:03.745Z",1.0955300000000001,1.09558
"exness","EURUSD","2023-06-28 00:51:04.044Z",1.09552,1.09558
"exness","EURUSD","2023-06-28 00:51:05.062Z",1.09552,1.09559
"exness","EURUSD","2023-06-28 00:51:08.435Z",1.0955300000000001,1.09559
"exness","EURUSD","2023-06-28 00:51:08.525Z",1.09551,1.09557
"exness","EURUSD","2023-06-28 00:51:09.818Z",1.0955300000000001,1.09558
"exness","EURUSD","2023-06-28 00:51:11.967Z",1.09552,1.09558
"exness","EURUSD","2023-06-28 00:51:12.004Z",1.0955,1.09556
"exness","EURUSD","2023-06-28 00:51:12.027Z",1.09548,1.09555
"exness","EURUSD","2023-06-28 00:51:12.103Z",1.09548,1.0955300000000001
"exness","EURUSD","2023-06-28 00:51:13.111Z",1.09547,1.0955300000000001
"exness","EURUSD","2023-06-28 00:51:14.287Z",1.09548,1.09554
"exness","EURUSD","2023-06-28 00:51:15.288Z",1.09547,1.0955300000000001
"exness","EURUSD","2023-06-28 00:51:17.507Z",1.09549,1.09555
"exness","EURUSD","2023-06-28 00:51:19.772Z",1.09548,1.09554
"exness","EURUSD","2023-06-28 00:51:22.072Z",1.09548,1.0955300000000001
"exness","EURUSD","2023-06-28 00:51:23.107Z",1.09547,1.09554
"exness","EURUSD","2023-06-28 00:51:24.845Z",1.09548,1.0955300000000001
"exness","EURUSD","2023-06-28 00:51:26.225Z",1.09547,1.0955300000000001
"exness","EURUSD","2023-06-28 00:51:26.665Z",1.09549,1.09555
"exness","EURUSD","2023-06-28 00:51:29.199Z",1.0955,1.09556
"exness","EURUSD","2023-06-28 00:51:29.209Z",1.09551,1.09557
"exness","EURUSD","2023-06-28 00:51:29.226Z",1.0955300000000001,1.09559
"exness","EURUSD","2023-06-28 00:51:30.022Z",1.09552,1.09557
"exness","EURUSD","2023-06-28 00:51:31.189Z",1.09552,1.09559
"exness","EURUSD","2023-06-28 00:51:31.273Z",1.09551,1.09557
"exness","EURUSD","2023-06-28 00:51:32.463Z",1.09552,1.09559
"exness","EURUSD","2023-06-28 00:51:33.645Z",1.0955300000000001,1.09559
"exness","EURUSD","2023-06-28 00:51:36.113Z",1.0955300000000001,1.09558
"exness","EURUSD","2023-06-28 00:51:36.766Z",1.09552,1.09558
"exness","EURUSD","2023-06-28 00:51:36.846Z",1.0955,1.09556
"exness","EURUSD","2023-06-28 00:51:40.216Z",1.0955,1.09557
"exness","EURUSD","2023-06-28 00:51:42.506Z",1.09551,1.09557
"exness","EURUSD","2023-06-28 00:51:43.075Z",1.09549,1.09556
"exness","EURUSD","2023-06-28 00:51:43.542Z",1.09548,1.0955300000000001
"exness","EURUSD","2023-06-28 00:51:45.979Z",1.09549,1.09555
"exness","EURUSD","2023-06-28 00:51:46.460Z",1.09548,1.0955300000000001
"exness","EURUSD","2023-06-28 00:51:47.123Z",1.09547,1.0955300000000001
"exness","EURUSD","2023-06-28 00:51:48.182Z",1.09546,1.09552
"exness","EURUSD","2023-06-28 00:51:50.285Z",1.09547,1.09552
"exness","EURUSD","2023-06-28 00:51:58.151Z",1.09546,1.09552
"exness","EURUSD","2023-06-28 00:51:58.347Z",1.09548,1.09554
"exness","EURUSD","2023-06-28 00:52:03.040Z",1.09546,1.0955300000000001
"exness","EURUSD","2023-06-28 00:52:04.101Z",1.09547,1.0955300000000001
"exness","EURUSD","2023-06-28 00:52:05.584Z",1.09546,1.09552
"exness","EURUSD","2023-06-28 00:52:07.913Z",1.09546,1.0955300000000001
"exness","EURUSD","2023-06-28 00:52:13.059Z",1.09545,1.09551
"exness","EURUSD","2023-06-28 00:52:13.561Z",1.09543,1.09549
"exness","EURUSD","2023-06-28 00:52:15.113Z",1.09542,1.09548
"exness","EURUSD","2023-06-28 00:52:16.165Z",1.09543,1.09548
"exness","EURUSD","2023-06-28 00:52:17.259Z",1.09543,1.09549
"exness","EURUSD","2023-06-28 00:52:17.324Z",1.09544,1.09549
"exness","EURUSD","2023-06-28 00:52:17.864Z",1.09543,1.09549
"exness","EURUSD","2023-06-28 00:52:18.912Z",1.09543,1.09548
"exness","EURUSD","2023-06-28 00:52:21.429Z",1.09542,1.09548
"exness","EURUSD","2023-06-28 00:52:22.447Z",1.09541,1.09548
"exness","EURUSD","2023-06-28 00:52:27.175Z",1.0954,1.09546
"exness","EURUSD","2023-06-28 00:52:29.458Z",1.0954,1.09547
"exness","EURUSD","2023-06-28 00:52:32.133Z",1.09539,1.09545
"exness","EURUSD","2023-06-28 00:52:33.246Z",1.09538,1.09545
"exness","EURUSD","2023-06-28 00:52:35.455Z",1.0954,1.09545
"exness","EURUSD","2023-06-28 00:52:36.680Z",1.09538,1.09545
"exness","EURUSD","2023-06-28 00:52:37.620Z",1.0954,1.09545
"exness","EURUSD","2023-06-28 00:52:38.701Z",1.0954,1.09546
"exness","EURUSD","2023-06-28 00:52:40.781Z",1.09541,1.09547
"exness","EURUSD","2023-06-28 00:52:44.642Z",1.09541,1.09546
"exness","EURUSD","2023-06-28 00:52:45.722Z",1.09541,1.09547
"exness","EURUSD","2023-06-28 00:52:46.725Z",1.0954,1.09546
"exness","EURUSD","2023-06-28 00:52:48.038Z",1.0954,1.09545
"exness","EURUSD","2023-06-28 00:52:49.605Z",1.0954,1.09546
"exness","EURUSD","2023-06-28 00:52:51.341Z",1.09541,1.09546
"exness","EURUSD","2023-06-28 00:52:52.524Z",1.09541,1.09547
"exness","EURUSD","2023-06-28 00:53:05.139Z",1.09541,1.09548
"exness","EURUSD","2023-06-28 00:53:08.856Z",1.09542,1.09547
"exness","EURUSD","2023-06-28 00:53:08.879Z",1.09542,1.09549
"exness","EURUSD","2023-06-28 00:53:09.963Z",1.09543,1.09549
"exness","EURUSD","2023-06-28 00:53:11.229Z",1.09543,1.09548
"exness","EURUSD","2023-06-28 00:53:12.121Z",1.09544,1.0955
"exness","EURUSD","2023-06-28 00:53:13.193Z",1.09545,1.09551
"exness","EURUSD","2023-06-28 00:53:14.285Z",1.09543,1.09549
"exness","EURUSD","2023-06-28 00:53:16.229Z",1.09543,1.09548
"exness","EURUSD","2023-06-28 00:53:17.235Z",1.09541,1.09548
"exness","EURUSD","2023-06-28 00:53:18.289Z",1.09542,1.09548
"exness","EURUSD","2023-06-28 00:53:19.328Z",1.09543,1.09548
"exness","EURUSD","2023-06-28 00:53:21.621Z",1.09542,1.09549
"exness","EURUSD","2023-06-28 00:53:22.703Z",1.09543,1.09549
"exness","EURUSD","2023-06-28 00:53:25.758Z",1.09544,1.09549
"exness","EURUSD","2023-06-28 00:53:26.806Z",1.09542,1.09549
"exness","EURUSD","2023-06-28 00:53:27.974Z",1.09543,1.09548
"exness","EURUSD","2023-06-28 00:53:29.063Z",1.09543,1.09549
"exness","EURUSD","2023-06-28 00:53:29.394Z",1.09544,1.0955
"exness","EURUSD","2023-06-28 00:53:31.201Z",1.09545,1.09551
"exness","EURUSD","2023-06-28 00:53:33.866Z",1.09545,1.0955
"exness","EURUSD","2023-06-28 00:53:35.178Z",1.09545,1.09551
"exness","EURUSD","2023-06-28 00:53:39.675Z",1.09544,1.0955
"exness","EURUSD","2023-06-28 00:53:43.076Z",1.09543,1.09549
"exness","EURUSD","2023-06-28 00:53:44.141Z",1.09543,1.09548
"exness","EURUSD","2023-06-28 00:53:46.498Z",1.09543,1.09549
"exness","EURUSD","2023-06-28 00:53:50.076Z",1.09544,1.0955
"exness","EURUSD","2023-06-28 00:53:51.123Z",1.09545,1.09551
"exness","EURUSD","2023-06-28 00:53:54.094Z",1.09546,1.09552
"exness","EURUSD","2023-06-28 00:53:57.430Z",1.09545,1.09552
"exness","EURUSD","2023-06-28 00:53:58.299Z",1.09544,1.0955
"exness","EURUSD","2023-06-28 00:53:59.259Z",1.09546,1.09551
"exness","EURUSD","2023-06-28 00:54:01.088Z",1.09545,1.09551
"exness","EURUSD","2023-06-28 00:54:02.117Z",1.09545,1.0955
"exness","EURUSD","2023-06-28 00:54:05.017Z",1.09545,1.09551
"exness","EURUSD","2023-06-28 00:54:06.052Z",1.09544,1.0955
"exness","EURUSD","2023-06-28 00:54:07.092Z",1.09543,1.09549
"exness","EURUSD","2023-06-28 00:54:07.889Z",1.09545,1.0955
"exness","EURUSD","2023-06-28 00:54:10.768Z",1.09544,1.0955
"exness","EURUSD","2023-06-28 00:54:11.782Z",1.09544,1.09549
"exness","EURUSD","2023-06-28 00:54:13.823Z",1.09544,1.0955
"exness","EURUSD","2023-06-28 00:54:14.102Z",1.09545,1.0955
"exness","EURUSD","2023-06-28 00:54:15.441Z",1.09545,1.09551
"exness","EURUSD","2023-06-28 00:54:16.743Z",1.09544,1.09549
"exness","EURUSD","2023-06-28 00:54:17.871Z",1.09544,1.0955
"exness","EURUSD","2023-06-28 00:54:20.247Z",1.09544,1.09549
"exness","EURUSD","2023-06-28 00:54:21.424Z",1.09545,1.0955
"exness","EURUSD","2023-06-28 00:54:22.691Z",1.09545,1.09551
"exness","EURUSD","2023-06-28 00:54:23.916Z",1.09543,1.0955
"exness","EURUSD","2023-06-28 00:54:25.077Z",1.09544,1.0955
"exness","EURUSD","2023-06-28 00:54:25.145Z",1.09546,1.09552
"exness","EURUSD","2023-06-28 00:54:26.777Z",1.09547,1.09554
"exness","EURUSD","2023-06-28 00:54:26.807Z",1.09549,1.09555
"exness","EURUSD","2023-06-28 00:54:27.261Z",1.09547,1.09554
"exness","EURUSD","2023-06-28 00:54:27.267Z",1.09546,1.09552
"exness","EURUSD","2023-06-28 00:54:27.330Z",1.09544,1.0955
"exness","EURUSD","2023-06-28 00:54:27.338Z",1.09542,1.09549
"exness","EURUSD","2023-06-28 00:54:27.362Z",1.09541,1.09547
"exness","EURUSD","2023-06-28 00:54:27.600Z",1.09542,1.09549
"exness","EURUSD","2023-06-28 00:54:27.740Z",1.09544,1.0955
"exness","EURUSD","2023-06-28 00:54:28.591Z",1.09545,1.09552
"exness","EURUSD","2023-06-28 00:54:29.301Z",1.09547,1.0955300000000001
"exness","EURUSD","2023-06-28 00:54:29.327Z",1.09549,1.09555
"exness","EURUSD","2023-06-28 00:54:30.334Z",1.09548,1.09554
"exness","EURUSD","2023-06-28 00:54:30.919Z",1.09546,1.0955300000000001
"exness","EURUSD","2023-06-28 00:54:32.030Z",1.09548,1.09554
"exness","EURUSD","2023-06-28 00:54:32.151Z",1.09546,1.09552
"exness","EURUSD","2023-06-28 00:54:32.175Z",1.09544,1.09551
"exness","EURUSD","2023-06-28 00:54:32.227Z",1.09544,1.09549
"exness","EURUSD","2023-06-28 00:54:33.348Z",1.09544,1.0955
"exness","EURUSD","2023-06-28 00:54:33.376Z",1.09542,1.09548
"exness","EURUSD","2023-06-28 00:54:34.146Z",1.09544,1.0955
"exness","EURUSD","2023-06-28 00:54:34.360Z",1.09542,1.09548
"exness","EURUSD","2023-06-28 00:54:34.947Z",1.09542,1.09547
"exness","EURUSD","2023-06-28 00:54:36.051Z",1.09541,1.09547
"exness","EURUSD","2023-06-28 00:54:36.336Z",1.09539,1.09545
"exness","EURUSD","2023-06-28 00:54:36.351Z",1.09539,1.09544
"exness","EURUSD","2023-06-28 00:54:36.478Z",1.09539,1.09546
"exness","EURUSD","2023-06-28 00:54:37.096Z",1.09541,1.09547
"exness","EURUSD","2023-06-28 00:54:37.263Z",1.09543,1.09549
"exness","EURUSD","2023-06-28 00:54:38.170Z",1.09541,1.09547
"exness","EURUSD","2023-06-28 00:54:38.338Z",1.09539,1.09546
"exness","EURUSD","2023-06-28 00:54:38.398Z",1.09539,1.09544
"exness","EURUSD","2023-06-28 00:54:39.148Z",1.09537,1.09543
"exness","EURUSD","2023-06-28 00:54:40.153Z",1.09535,1.09542
"exness","EURUSD","2023-06-28 00:54:40.199Z",1.09535,1.0954
"exness","EURUSD","2023-06-28 00:54:40.339Z",1.09535,1.09542
"exness","EURUSD","2023-06-28 00:54:41.775Z",1.09535,1.0954
"exness","EURUSD","2023-06-28 00:54:42.155Z",1.09533,1.0954
"exness","EURUSD","2023-06-28 00:54:42.172Z",1.09532,1.09538
"exness","EURUSD","2023-06-28 00:54:42.269Z",1.09534,1.09539
"exness","EURUSD","2023-06-28 00:54:42.767Z",1.09534,1.0954
"exness","EURUSD","2023-06-28 00:54:43.138Z",1.09536,1.09542
"exness","EURUSD","2023-06-28 00:54:43.177Z",1.09537,1.09542
"exness","EURUSD","2023-06-28 00:54:43.647Z",1.09537,1.09544
"exness","EURUSD","2023-06-28 00:54:44.173Z",1.09536,1.09542
"exness","EURUSD","2023-06-28 00:54:44.341Z",1.09534,1.0954
"exness","EURUSD","2023-06-28 00:54:44.351Z",1.09533,1.09539
"exness","EURUSD","2023-06-28 00:54:44.723Z",1.09531,1.09537
