"Exness","Symbol","Timestamp","Bid","Ask"
"exness","EURUSD","2023-06-23 00:00:00.047Z",1.0955300000000001,1.09558
"exness","EURUSD","2023-06-23 00:00:01.115Z",1.09554,1.09559
"exness","EURUSD","2023-06-23 00:00:04.288Z",1.09554,1.0956
"exness","EURUSD","2023-06-23 00:00:05.540Z",1.09555,1.0956
"exness","EURUSD","2023-06-23 00:00:06.392Z",1.09555,1.09561
"exness","EURUSD","2023-06-23 00:00:06.420Z",1.09557,1.09563
"exness","EURUSD","2023-06-23 00:00:06.443Z",1.09558,1.09564
"exness","EURUSD","2023-06-23 00:00:06.537Z",1.0956,1.09566
"exness","EURUSD","2023-06-23 00:00:07.214Z",1.09561,1.09567
"exness","EURUSD","2023-06-23 00:00:09.832Z",1.0956,1.09566
"exness","EURUSD","2023-06-23 00:00:12.086Z",1.0956,1.09567
"exness","EURUSD","2023-06-23 00:00:13.117Z",1.09561,1.09567
"exness","EURUSD","2023-06-23 00:00:15.234Z",1.0956,1.09566
"exness","EURUSD","2023-06-23 00:00:17.247Z",1.09561,1.09566
"exness","EURUSD","2023-06-23 00:00:18.314Z",1.0956,1.09565
"exness","EURUSD","2023-06-23 00:00:19.348Z",1.0956,1.09566
"exness","EURUSD","2023-06-23 00:00:20.671Z",1.09558,1.09564
"exness","EURUSD","2023-06-23 00:00:20.703Z",1.09557,1.09563
"exness","EURUSD","2023-06-23 00:00:21.458Z",1.09555,1.09561
"exness","EURUSD","2023-06-23 00:00:22.908Z",1.09555,1.0956
"exness","EURUSD","2023-06-23 00:00:23.993Z",1.09554,1.09561
"exness","EURUSD","2023-06-23 00:00:25.733Z",1.0955300000000001,1.09559
"exness","EURUSD","2023-06-23 00:00:26.289Z",1.09552,1.09557
"exness","EURUSD","2023-06-23 00:00:27.225Z",1.09551,1.09557
"exness","EURUSD","2023-06-23 00:00:29.358Z",1.09549,1.09556
"exness","EURUSD","2023-06-23 00:00:31.960Z",1.0955,1.09556
"exness","EURUSD","2023-06-23 00:00:33.912Z",1.09551,1.09557
"exness","EURUSD","2023-06-23 00:00:34.338Z",1.09551,1.09556
"exness","EURUSD","2023-06-23 00:00:35.449Z",1.0955,1.09555
"exness","EURUSD","2023-06-23 00:00:36.168Z",1.09549,1.09555
"exness","EURUSD","2023-06-23 00:00:36.665Z",1.09547,1.0955300000000001
"exness","EURUSD","2023-06-23 00:00:36.731Z",1.09546,1.09551
"exness","EURUSD","2023-06-23 00:00:37.838Z",1.09545,1.09551
"exness","EURUSD","2023-06-23 00:00:39.006Z",1.09546,1.09552
"exness","EURUSD","2023-06-23 00:00:40.011Z",1.09545,1.09551
"exness","EURUSD","2023-06-23 00:00:42.093Z",1.09545,1.0955
"exness","EURUSD","2023-06-23 00:00:44.566Z",1.09545,1.09551
"exness","EURUSD","2023-06-23 00:00:49.430Z",1.09546,1.09551
"exness","EURUSD","2023-06-23 00:00:50.550Z",1.09545,1.09551
"exness","EURUSD","2023-06-23 00:00:54.416Z",1.09545,1.0955
"exness","EURUSD","2023-06-23 00:00:57.763Z",1.09544,1.09551
"exness","EURUSD","2023-06-23 00:00:59.559Z",1.09543,1.09549
"exness","EURUSD","2023-06-23 00:00:59.634Z",1.09541,1.09547
"exness","EURUSD","2023-06-23 00:00:59.647Z",1.0954,1.09546
"exness","EURUSD","2023-06-23 00:01:00.242Z",1.09542,1.09547
"exness","EURUSD","2023-06-23 00:01:00.784Z",1.09542,1.09548
"exness","EURUSD","2023-06-23 00:01:00.822Z",1.09543,1.0955
"exness","EURUSD","2023-06-23 00:01:01.841Z",1.09544,1.0955
"exness","EURUSD","2023-06-23 00:01:11.427Z",1.09545,1.09552
"exness","EURUSD","2023-06-23 00:01:14.010Z",1.09546,1.09552
"exness","EURUSD","2023-06-23 00:01:14.605Z",1.09547,1.09552
"exness","EURUSD","2023-06-23 00:01:17.074Z",1.09546,1.09552
"exness","EURUSD","2023-06-23 00:01:18.026Z",1.09545,1.0955
"exness","EURUSD","2023-06-23 00:01:20.660Z",1.09545,1.09551
"exness","EURUSD","2023-06-23 00:01:22.675Z",1.09546,1.09552
"exness","EURUSD","2023-06-23 00:01:24.428Z",1.09547,1.0955300000000001
"exness","EURUSD","2023-06-23 00:01:24.839Z",1.09545,1.09551
"exness","EURUSD","2023-06-23 00:01:25.403Z",1.09544,1.0955
"exness","EURUSD","2023-06-23 00:01:25.589Z",1.09542,1.09548
"exness","EURUSD","2023-06-23 00:01:26.855Z",1.09543,1.09548
"exness","EURUSD","2023-06-23 00:01:27.890Z",1.09542,1.09547
"exness","EURUSD","2023-06-23 00:01:31.100Z",1.09542,1.09548
"exness","EURUSD","2023-06-23 00:01:32.201Z",1.09544,1.0955
"exness","EURUSD","2023-06-23 00:01:32.484Z",1.09545,1.0955
"exness","EURUSD","2023-06-23 00:01:32.498Z",1.09546,1.09552
"exness","EURUSD","2023-06-23 00:01:32.806Z",1.09547,1.0955300000000001
"exness","EURUSD","2023-06-23 00:01:32.911Z",1.09549,1.09554
"exness","EURUSD","2023-06-23 00:01:34.081Z",1.09549,1.09555
"exness","EURUSD","2023-06-23 00:01:35.134Z",1.09548,1.09555
"exness","EURUSD","2023-06-23 00:01:37.986Z",1.0955,1.09556
"exness","EURUSD","2023-06-23 00:01:39.077Z",1.09551,1.09557
"exness","EURUSD","2023-06-23 00:01:39.679Z",1.09552,1.09557
"exness","EURUSD","2023-06-23 00:01:40.728Z",1.09552,1.09558
"exness","EURUSD","2023-06-23 00:01:47.440Z",1.09551,1.09557
"exness","EURUSD","2023-06-23 00:01:48.656Z",1.09551,1.09556
"exness","EURUSD","2023-06-23 00:01:50.254Z",1.0955,1.09556
"exness","EURUSD","2023-06-23 00:01:51.269Z",1.09551,1.09556
"exness","EURUSD","2023-06-23 00:01:51.463Z",1.09549,1.09555
"exness","EURUSD","2023-06-23 00:01:52.476Z",1.09548,1.09554
"exness","EURUSD","2023-06-23 00:01:53.515Z",1.09549,1.09554
"exness","EURUSD","2023-06-23 00:01:54.788Z",1.09548,1.09554
"exness","EURUSD","2023-06-23 00:01:55.287Z",1.09548,1.0955300000000001
"exness","EURUSD","2023-06-23 00:01:56.192Z",1.09546,1.09552
"exness","EURUSD","2023-06-23 00:01:57.354Z",1.09545,1.09551
"exness","EURUSD","2023-06-23 00:02:00.230Z",1.09546,1.09552
"exness","EURUSD","2023-06-23 00:02:01.352Z",1.09546,1.09551
"exness","EURUSD","2023-06-23 00:02:05.982Z",1.09545,1.09551
"exness","EURUSD","2023-06-23 00:02:06.132Z",1.09543,1.09549
"exness","EURUSD","2023-06-23 00:02:06.443Z",1.09542,1.09548
"exness","EURUSD","2023-06-23 00:02:06.983Z",1.09541,1.09546
"exness","EURUSD","2023-06-23 00:02:10.185Z",1.09541,1.09547
"exness","EURUSD","2023-06-23 00:02:10.889Z",1.09539,1.09545
"exness","EURUSD","2023-06-23 00:02:15.514Z",1.09541,1.09547
"exness","EURUSD","2023-06-23 00:02:16.966Z",1.09541,1.09548
"exness","EURUSD","2023-06-23 00:02:24.937Z",1.09542,1.09547
"exness","EURUSD","2023-06-23 00:02:26.389Z",1.09542,1.09549
"exness","EURUSD","2023-06-23 00:02:27.036Z",1.09544,1.09549
"exness","EURUSD","2023-06-23 00:02:30.672Z",1.09543,1.0955
"exness","EURUSD","2023-06-23 00:02:31.733Z",1.09544,1.0955
"exness","EURUSD","2023-06-23 00:02:31.994Z",1.09542,1.09548
"exness","EURUSD","2023-06-23 00:02:32.414Z",1.09541,1.09546
"exness","EURUSD","2023-06-23 00:02:35.086Z",1.0954,1.09546
"exness","EURUSD","2023-06-23 00:02:36.090Z",1.09541,1.09547
"exness","EURUSD","2023-06-23 00:02:41.440Z",1.09542,1.09548
"exness","EURUSD","2023-06-23 00:02:45.609Z",1.09541,1.09547
"exness","EURUSD","2023-06-23 00:02:49.629Z",1.09541,1.09548
"exness","EURUSD","2023-06-23 00:02:51.390Z",1.09542,1.09547
"exness","EURUSD","2023-06-23 00:02:52.568Z",1.09541,1.09547
"exness","EURUSD","2023-06-23 00:02:57.272Z",1.09542,1.09547
"exness","EURUSD","2023-06-23 00:02:57.617Z",1.09543,1.09549
"exness","EURUSD","2023-06-23 00:02:57.658Z",1.09544,1.09551
"exness","EURUSD","2023-06-23 00:02:58.860Z",1.09545,1.09551
"exness","EURUSD","2023-06-23 00:02:59.877Z",1.09546,1.09552
"exness","EURUSD","2023-06-23 00:03:01.252Z",1.09546,1.09551
"exness","EURUSD","2023-06-23 00:03:02.380Z",1.09546,1.0955300000000001
"exness","EURUSD","2023-06-23 00:03:03.689Z",1.09546,1.09552
"exness","EURUSD","2023-06-23 00:03:05.549Z",1.09545,1.09551
"exness","EURUSD","2023-06-23 00:03:06.657Z",1.09544,1.0955
"exness","EURUSD","2023-06-23 00:03:10.218Z",1.09544,1.09549
"exness","EURUSD","2023-06-23 00:03:13.565Z",1.09543,1.0955
"exness","EURUSD","2023-06-23 00:03:14.727Z",1.09544,1.0955
"exness","EURUSD","2023-06-23 00:03:17.046Z",1.09545,1.09552
"exness","EURUSD","2023-06-23 00:03:18.066Z",1.09546,1.09552
"exness","EURUSD","2023-06-23 00:03:19.598Z",1.09547,1.09552
"exness","EURUSD","2023-06-23 00:03:20.917Z",1.09547,1.09554
"exness","EURUSD","2023-06-23 00:03:20.966Z",1.09549,1.09555
"exness","EURUSD","2023-06-23 00:03:20.982Z",1.0955,1.09557
"exness","EURUSD","2023-06-23 00:03:21.005Z",1.09552,1.09558
"exness","EURUSD","2023-06-23 00:03:21.021Z",1.0955300000000001,1.0956
"exness","EURUSD","2023-06-23 00:03:21.077Z",1.09555,1.09561
"exness","EURUSD","2023-06-23 00:03:21.094Z",1.09557,1.09563
"exness","EURUSD","2023-06-23 00:03:21.342Z",1.09559,1.09564
"exness","EURUSD","2023-06-23 00:03:23.360Z",1.09558,1.09565
"exness","EURUSD","2023-06-23 00:03:24.467Z",1.09557,1.09563
"exness","EURUSD","2023-06-23 00:03:24.766Z",1.09559,1.09565
"exness","EURUSD","2023-06-23 00:03:32.478Z",1.09557,1.09564
"exness","EURUSD","2023-06-23 00:03:34.798Z",1.09557,1.09563
"exness","EURUSD","2023-06-23 00:03:40.854Z",1.09558,1.09564
"exness","EURUSD","2023-06-23 00:03:46.877Z",1.09558,1.09565
"exness","EURUSD","2023-06-23 00:03:51.072Z",1.09558,1.09563
"exness","EURUSD","2023-06-23 00:03:51.106Z",1.09558,1.09565
"exness","EURUSD","2023-06-23 00:03:52.390Z",1.09559,1.09565
"exness","EURUSD","2023-06-23 00:03:55.219Z",1.0956,1.09567
"exness","EURUSD","2023-06-23 00:03:56.787Z",1.09561,1.09568
"exness","EURUSD","2023-06-23 00:03:57.812Z",1.09561,1.09567
"exness","EURUSD","2023-06-23 00:04:01.236Z",1.0956,1.09567
"exness","EURUSD","2023-06-23 00:04:01.271Z",1.09562,1.09568
"exness","EURUSD","2023-06-23 00:04:01.293Z",1.09564,1.09569
"exness","EURUSD","2023-06-23 00:04:05.051Z",1.09564,1.0957
"exness","EURUSD","2023-06-23 00:04:06.654Z",1.09562,1.09568
"exness","EURUSD","2023-06-23 00:04:17.916Z",1.0956,1.09567
"exness","EURUSD","2023-06-23 00:04:18.930Z",1.0956,1.09566
"exness","EURUSD","2023-06-23 00:04:19.963Z",1.09561,1.09566
"exness","EURUSD","2023-06-23 00:04:26.806Z",1.09559,1.09565
"exness","EURUSD","2023-06-23 00:04:26.851Z",1.09557,1.09564
"exness","EURUSD","2023-06-23 00:04:27.025Z",1.09556,1.09562
"exness","EURUSD","2023-06-23 00:04:28.071Z",1.09555,1.09562
"exness","EURUSD","2023-06-23 00:04:29.228Z",1.09556,1.09561
"exness","EURUSD","2023-06-23 00:04:30.232Z",1.09556,1.09562
"exness","EURUSD","2023-06-23 00:04:31.569Z",1.09557,1.09563
"exness","EURUSD","2023-06-23 00:04:34.146Z",1.09556,1.09562
"exness","EURUSD","2023-06-23 00:04:37.994Z",1.09557,1.09563
"exness","EURUSD","2023-06-23 00:04:38.024Z",1.09559,1.09565
"exness","EURUSD","2023-06-23 00:04:38.275Z",1.0956,1.09567
"exness","EURUSD","2023-06-23 00:04:39.716Z",1.09561,1.09567
"exness","EURUSD","2023-06-23 00:04:40.953Z",1.09562,1.09568
"exness","EURUSD","2023-06-23 00:04:40.986Z",1.09563,1.09569
"exness","EURUSD","2023-06-23 00:04:41.654Z",1.09565,1.0957
"exness","EURUSD","2023-06-23 00:04:43.480Z",1.09565,1.09571
"exness","EURUSD","2023-06-23 00:04:44.917Z",1.09566,1.09572
"exness","EURUSD","2023-06-23 00:04:46.974Z",1.09565,1.09572
"exness","EURUSD","2023-06-23 00:04:48.473Z",1.09565,1.09571
"exness","EURUSD","2023-06-23 00:04:53.079Z",1.09566,1.09572
"exness","EURUSD","2023-06-23 00:04:54.438Z",1.09565,1.09572
"exness","EURUSD","2023-06-23 00:04:58.291Z",1.09565,1.09571
"exness","EURUSD","2023-06-23 00:05:02.321Z",1.09563,1.09569
"exness","EURUSD","2023-06-23 00:05:02.352Z",1.09562,1.09568
"exness","EURUSD","2023-06-23 00:05:02.387Z",1.0956,1.09566
"exness","EURUSD","2023-06-23 00:05:02.411Z",1.09558,1.09565
"exness","EURUSD","2023-06-23 00:05:03.438Z",1.09558,1.09564
"exness","EURUSD","2023-06-23 00:05:04.509Z",1.09557,1.09564
"exness","EURUSD","2023-06-23 00:05:05.587Z",1.09557,1.09563
"exness","EURUSD","2023-06-23 00:05:09.532Z",1.09556,1.09563
"exness","EURUSD","2023-06-23 00:05:12.205Z",1.09557,1.09563
"exness","EURUSD","2023-06-23 00:05:13.344Z",1.09556,1.09562
"exness","EURUSD","2023-06-23 00:05:14.457Z",1.09555,1.09561
"exness","EURUSD","2023-06-23 00:05:16.266Z",1.09555,1.0956
"exness","EURUSD","2023-06-23 00:05:16.508Z",1.09554,1.0956
"exness","EURUSD","2023-06-23 00:05:18.352Z",1.09552,1.09559
"exness","EURUSD","2023-06-23 00:05:20.359Z",1.0955300000000001,1.09558
"exness","EURUSD","2023-06-23 00:05:20.419Z",1.0955300000000001,1.09559
"exness","EURUSD","2023-06-23 00:05:20.633Z",1.09555,1.09561
"exness","EURUSD","2023-06-23 00:05:21.164Z",1.09556,1.09561
"exness","EURUSD","2023-06-23 00:05:22.966Z",1.09557,1.09563
"exness","EURUSD","2023-06-23 00:05:39.155Z",1.09558,1.09565
"exness","EURUSD","2023-06-23 00:05:44.909Z",1.09557,1.09564
"exness","EURUSD","2023-06-23 00:05:47.072Z",1.09557,1.09563
"exness","EURUSD","2023-06-23 00:05:48.422Z",1.09558,1.09563
"exness","EURUSD","2023-06-23 00:05:58.200Z",1.09558,1.09564
"exness","EURUSD","2023-06-23 00:05:59.233Z",1.09557,1.09563
"exness","EURUSD","2023-06-23 00:06:00.963Z",1.09558,1.09563
"exness","EURUSD","2023-06-23 00:06:01.964Z",1.09557,1.09564
"exness","EURUSD","2023-06-23 00:06:03.011Z",1.09558,1.09564
"exness","EURUSD","2023-06-23 00:06:05.701Z",1.09557,1.09564
"exness","EURUSD","2023-06-23 00:06:07.469Z",1.09558,1.09563
"exness","EURUSD","2023-06-23 00:06:08.491Z",1.09559,1.09564
"exness","EURUSD","2023-06-23 00:06:08.530Z",1.09557,1.09563
"exness","EURUSD","2023-06-23 00:06:10.539Z",1.09557,1.09562
"exness","EURUSD","2023-06-23 00:06:10.792Z",1.09558,1.09564
"exness","EURUSD","2023-06-23 00:06:11.836Z",1.09559,1.09565
"exness","EURUSD","2023-06-23 00:06:16.191Z",1.0956,1.09566
"exness","EURUSD","2023-06-23 00:06:24.072Z",1.09558,1.09565
"exness","EURUSD","2023-06-23 00:06:24.558Z",1.09558,1.09563
"exness","EURUSD","2023-06-23 00:06:35.853Z",1.09557,1.09563
"exness","EURUSD","2023-06-23 00:06:46.398Z",1.09555,1.09562
"exness","EURUSD","2023-06-23 00:06:46.548Z",1.09554,1.0956
"exness","EURUSD","2023-06-23 00:06:47.559Z",1.09555,1.0956
"exness","EURUSD","2023-06-23 00:06:48.391Z",1.09556,1.09562
"exness","EURUSD","2023-06-23 00:06:53.704Z",1.09557,1.09562
"exness","EURUSD","2023-06-23 00:06:53.719Z",1.09555,1.09562
"exness","EURUSD","2023-06-23 00:06:54.848Z",1.09556,1.09561
"exness","EURUSD","2023-06-23 00:06:56.294Z",1.09555,1.09562
"exness","EURUSD","2023-06-23 00:06:56.396Z",1.09557,1.09562
"exness","EURUSD","2023-06-23 00:06:59.619Z",1.09557,1.09563
"exness","EURUSD","2023-06-23 00:07:01.126Z",1.09556,1.09563
"exness","EURUSD","2023-06-23 00:07:08.677Z",1.09556,1.09562
"exness","EURUSD","2023-06-23 00:07:10.780Z",1.09558,1.09564
"exness","EURUSD","2023-06-23 00:07:13.395Z",1.09558,1.09565
"exness","EURUSD","2023-06-23 00:07:13.981Z",1.09557,1.09563
"exness","EURUSD","2023-06-23 00:07:17.278Z",1.09557,1.09562
"exness","EURUSD","2023-06-23 00:07:26.194Z",1.09556,1.09563
"exness","EURUSD","2023-06-23 00:07:26.239Z",1.09555,1.09561
"exness","EURUSD","2023-06-23 00:07:29.169Z",1.09554,1.0956
"exness","EURUSD","2023-06-23 00:07:33.398Z",1.0955300000000001,1.09559
"exness","EURUSD","2023-06-23 00:07:38.835Z",1.09555,1.09561
"exness","EURUSD","2023-06-23 00:07:40.695Z",1.09556,1.09562
"exness","EURUSD","2023-06-23 00:07:40.923Z",1.09557,1.09562
"exness","EURUSD","2023-06-23 00:07:44.399Z",1.09556,1.09562
"exness","EURUSD","2023-06-23 00:07:49.777Z",1.09557,1.09563
"exness","EURUSD","2023-06-23 00:07:56.580Z",1.09555,1.09561
"exness","EURUSD","2023-06-23 00:07:58.105Z",1.09554,1.0956
"exness","EURUSD","2023-06-23 00:08:03.085Z",1.0955300000000001,1.09559
"exness","EURUSD","2023-06-23 00:08:11.665Z",1.09555,1.09561
"exness","EURUSD","2023-06-23 00:08:13.157Z",1.09556,1.09562
"exness","EURUSD","2023-06-23 00:08:20.352Z",1.09556,1.09561
"exness","EURUSD","2023-06-23 00:08:23.181Z",1.09556,1.09562
"exness","EURUSD","2023-06-23 00:08:23.226Z",1.09554,1.0956
"exness","EURUSD","2023-06-23 00:08:24.446Z",1.0955300000000001,1.0956
"exness","EURUSD","2023-06-23 00:08:33.215Z",1.0955300000000001,1.09559
"exness","EURUSD","2023-06-23 00:08:36.330Z",1.09554,1.09559
"exness","EURUSD","2023-06-23 00:08:37.235Z",1.09552,1.09559
"exness","EURUSD","2023-06-23 00:08:37.244Z",1.09551,1.09557
"exness","EURUSD","2023-06-23 00:08:37.269Z",1.09549,1.09555
"exness","EURUSD","2023-06-23 00:08:37.571Z",1.09548,1.09554
"exness","EURUSD","2023-06-23 00:08:39.113Z",1.09546,1.09552
"exness","EURUSD","2023-06-23 00:08:39.527Z",1.09545,1.09551
"exness","EURUSD","2023-06-23 00:08:40.583Z",1.09543,1.0955
"exness","EURUSD","2023-06-23 00:08:41.638Z",1.09543,1.09549
"exness","EURUSD","2023-06-23 00:08:46.601Z",1.09545,1.09551
"exness","EURUSD","2023-06-23 00:08:48.810Z",1.09546,1.09551
"exness","EURUSD","2023-06-23 00:08:49.530Z",1.09546,1.09552
"exness","EURUSD","2023-06-23 00:08:50.529Z",1.09547,1.09552
"exness","EURUSD","2023-06-23 00:09:01.059Z",1.09547,1.0955300000000001
"exness","EURUSD","2023-06-23 00:09:02.392Z",1.09546,1.0955300000000001
"exness","EURUSD","2023-06-23 00:09:07.098Z",1.09547,1.0955300000000001
"exness","EURUSD","2023-06-23 00:09:22.051Z",1.09549,1.09555
"exness","EURUSD","2023-06-23 00:09:22.933Z",1.09551,1.09556
"exness","EURUSD","2023-06-23 00:09:27.515Z",1.0955,1.09556
"exness","EURUSD","2023-06-23 00:09:29.634Z",1.09549,1.09556
"exness","EURUSD","2023-06-23 00:09:31.780Z",1.09549,1.09555
"exness","EURUSD","2023-06-23 00:09:33.394Z",1.0955,1.09555
"exness","EURUSD","2023-06-23 00:09:33.921Z",1.09548,1.09554
"exness","EURUSD","2023-06-23 00:09:34.947Z",1.09547,1.09554
"exness","EURUSD","2023-06-23 00:09:36.644Z",1.09547,1.0955300000000001
"exness","EURUSD","2023-06-23 00:09:37.655Z",1.09548,1.0955300000000001
"exness","EURUSD","2023-06-23 00:09:39.891Z",1.09547,1.09552
"exness","EURUSD","2023-06-23 00:09:41.193Z",1.09547,1.0955300000000001
"exness","EURUSD","2023-06-23 00:09:47.908Z",1.09548,1.09554
"exness","EURUSD","2023-06-23 00:09:48.927Z",1.09547,1.0955300000000001
"exness","EURUSD","2023-06-23 00:09:51.318Z",1.09547,1.09552
"exness","EURUSD","2023-06-23 00:09:52.636Z",1.09547,1.0955300000000001
"exness","EURUSD","2023-06-23 00:09:53.638Z",1.09548,1.0955300000000001
"exness","EURUSD","2023-06-23 00:09:55.656Z",1.09547,1.0955300000000001
"exness","EURUSD","2023-06-23 00:09:57.895Z",1.09548,1.09554
"exness","EURUSD","2023-06-23 00:09:58.922Z",1.09549,1.09555
"exness","EURUSD","2023-06-23 00:10:00.420Z",1.09547,1.09554
"exness","EURUSD","2023-06-23 00:10:01.208Z",1.09546,1.09552
"exness","EURUSD","2023-06-23 00:10:01.493Z",1.09546,1.09551
"exness","EURUSD","2023-06-23 00:10:02.928Z",1.09545,1.0955
"exness","EURUSD","2023-06-23 00:10:04.019Z",1.09545,1.09552
"exness","EURUSD","2023-06-23 00:10:07.572Z",1.09546,1.09551
"exness","EURUSD","2023-06-23 00:10:08.583Z",1.09546,1.09552
"exness","EURUSD","2023-06-23 00:10:12.510Z",1.09545,1.09551
"exness","EURUSD","2023-06-23 00:10:12.708Z",1.09543,1.09549
"exness","EURUSD","2023-06-23 00:10:15.076Z",1.09544,1.09549
"exness","EURUSD","2023-06-23 00:10:17.745Z",1.09544,1.0955
"exness","EURUSD","2023-06-23 00:10:22.243Z",1.09543,1.0955
"exness","EURUSD","2023-06-23 00:10:27.017Z",1.09543,1.09549
"exness","EURUSD","2023-06-23 00:10:28.051Z",1.09543,1.0955
"exness","EURUSD","2023-06-23 00:10:30.085Z",1.09543,1.09549
"exness","EURUSD","2023-06-23 00:10:31.517Z",1.09541,1.09548
"exness","EURUSD","2023-06-23 00:10:31.967Z",1.0954,1.09546
"exness","EURUSD","2023-06-23 00:10:34.918Z",1.09539,1.09545
"exness","EURUSD","2023-06-23 00:10:39.009Z",1.0954,1.09546
"exness","EURUSD","2023-06-23 00:10:41.107Z",1.09539,1.09544
"exness","EURUSD","2023-06-23 00:10:43.618Z",1.09539,1.09545
"exness","EURUSD","2023-06-23 00:10:51.397Z",1.0954,1.09546
"exness","EURUSD","2023-06-23 00:10:52.430Z",1.09541,1.09547
"exness","EURUSD","2023-06-23 00:11:03.163Z",1.09542,1.09547
"exness","EURUSD","2023-06-23 00:11:03.857Z",1.09542,1.09548
"exness","EURUSD","2023-06-23 00:11:04.925Z",1.09543,1.09549
"exness","EURUSD","2023-06-23 00:11:06.116Z",1.09544,1.09549
"exness","EURUSD","2023-06-23 00:11:12.429Z",1.09543,1.09549
"exness","EURUSD","2023-06-23 00:11:16.349Z",1.09544,1.09551
"exness","EURUSD","2023-06-23 00:11:16.912Z",1.09546,1.09552
"exness","EURUSD","2023-06-23 00:11:16.964Z",1.09547,1.09554
"exness","EURUSD","2023-06-23 00:11:18.059Z",1.09548,1.0955300000000001
"exness","EURUSD","2023-06-23 00:11:22.202Z",1.09547,1.09554
"exness","EURUSD","2023-06-23 00:11:23.373Z",1.09547,1.0955300000000001
"exness","EURUSD","2023-06-23 00:11:24.441Z",1.09548,1.09554
"exness","EURUSD","2023-06-23 00:11:26.562Z",1.09548,1.09555
"exness","EURUSD","2023-06-23 00:11:27.660Z",1.09549,1.09555
"exness","EURUSD","2023-06-23 00:11:36.526Z",1.09548,1.09555
"exness","EURUSD","2023-06-23 00:11:37.850Z",1.0955,1.09556
"exness","EURUSD","2023-06-23 00:11:39.063Z",1.09549,1.09556
"exness","EURUSD","2023-06-23 00:11:40.374Z",1.09549,1.09555
"exness","EURUSD","2023-06-23 00:11:44.434Z",1.0955,1.09555
"exness","EURUSD","2023-06-23 00:11:48.014Z",1.09549,1.09555
"exness","EURUSD","2023-06-23 00:11:51.959Z",1.09549,1.09556
"exness","EURUSD","2023-06-23 00:11:55.245Z",1.09549,1.09555
"exness","EURUSD","2023-06-23 00:11:56.433Z",1.09549,1.09556
"exness","EURUSD","2023-06-23 00:11:59.772Z",1.09549,1.09555
"exness","EURUSD","2023-06-23 00:12:02.589Z",1.09549,1.09556
"exness","EURUSD","2023-06-23 00:12:07.015Z",1.0955,1.09555
"exness","EURUSD","2023-06-23 00:12:11.745Z",1.09549,1.09555
"exness","EURUSD","2023-06-23 00:12:12.873Z",1.09548,1.09554
"exness","EURUSD","2023-06-23 00:12:14.918Z",1.09549,1.09554
"exness","EURUSD","2023-06-23 00:12:16.173Z",1.09548,1.09555
"exness","EURUSD","2023-06-23 00:12:17.366Z",1.09548,1.09554
"exness","EURUSD","2023-06-23 00:12:20.123Z",1.09548,1.0955300000000001
"exness","EURUSD","2023-06-23 00:12:21.300Z",1.09548,1.09554
"exness","EURUSD","2023-06-23 00:12:27.299Z",1.09549,1.09555
"exness","EURUSD","2023-06-23 00:12:31.958Z",1.09551,1.09557
"exness","EURUSD","2023-06-23 00:12:32.963Z",1.09551,1.09558
"exness","EURUSD","2023-06-23 00:12:34.003Z",1.09552,1.09557
"exness","EURUSD","2023-06-23 00:12:36.997Z",1.09551,1.09557
"exness","EURUSD","2023-06-23 00:12:43.233Z",1.09552,1.09559
"exness","EURUSD","2023-06-23 00:12:43.258Z",1.09554,1.0956
"exness","EURUSD","2023-06-23 00:12:44.576Z",1.0955300000000001,1.0956
"exness","EURUSD","2023-06-23 00:12:46.236Z",1.0955300000000001,1.09559
"exness","EURUSD","2023-06-23 00:12:48.245Z",1.09554,1.09559
"exness","EURUSD","2023-06-23 00:12:49.280Z",1.09552,1.09559
"exness","EURUSD","2023-06-23 00:12:50.528Z",1.09552,1.09558
"exness","EURUSD","2023-06-23 00:12:51.786Z",1.0955300000000001,1.09559
"exness","EURUSD","2023-06-23 00:12:57.742Z",1.09551,1.09557
"exness","EURUSD","2023-06-23 00:12:59.016Z",1.0955,1.09556
"exness","EURUSD","2023-06-23 00:12:59.783Z",1.09549,1.09555
"exness","EURUSD","2023-06-23 00:13:00.971Z",1.09548,1.09554
"exness","EURUSD","2023-06-23 00:13:08.792Z",1.09549,1.09556
"exness","EURUSD","2023-06-23 00:13:09.814Z",1.09551,1.09557
"exness","EURUSD","2023-06-23 00:13:16.890Z",1.09552,1.09557
"exness","EURUSD","2023-06-23 00:13:17.842Z",1.0955,1.09557
"exness","EURUSD","2023-06-23 00:13:17.965Z",1.0955,1.09555
"exness","EURUSD","2023-06-23 00:13:19.150Z",1.09549,1.09556
"exness","EURUSD","2023-06-23 00:13:23.331Z",1.09551,1.09557
"exness","EURUSD","2023-06-23 00:13:23.377Z",1.09552,1.09559
"exness","EURUSD","2023-06-23 00:13:25.641Z",1.0955300000000001,1.09559
"exness","EURUSD","2023-06-23 00:13:31.810Z",1.09551,1.09557
"exness","EURUSD","2023-06-23 00:13:34.657Z",1.09551,1.09556
"exness","EURUSD","2023-06-23 00:13:38.553Z",1.0955,1.09556
"exness","EURUSD","2023-06-23 00:13:43.070Z",1.0955,1.09557
"exness","EURUSD","2023-06-23 00:13:46.309Z",1.09549,1.09556
"exness","EURUSD","2023-06-23 00:13:51.409Z",1.0955,1.09555
"exness","EURUSD","2023-06-23 00:13:53.466Z",1.0955,1.09556
"exness","EURUSD","2023-06-23 00:13:54.664Z",1.09551,1.09556
"exness","EURUSD","2023-06-23 00:13:55.667Z",1.0955,1.09556
"exness","EURUSD","2023-06-23 00:13:56.947Z",1.0955,1.09557
"exness","EURUSD","2023-06-23 00:14:00.366Z",1.0955,1.09556
"exness","EURUSD","2023-06-23 00:14:02.374Z",1.09552,1.09558
"exness","EURUSD","2023-06-23 00:14:11.367Z",1.09554,1.0956
"exness","EURUSD","2023-06-23 00:14:12.373Z",1.09554,1.09561
"exness","EURUSD","2023-06-23 00:14:12.757Z",1.09556,1.09562
"exness","EURUSD","2023-06-23 00:14:17.467Z",1.09557,1.09562
"exness","EURUSD","2023-06-23 00:14:17.493Z",1.09557,1.09563
"exness","EURUSD","2023-06-23 00:14:17.530Z",1.09559,1.09565
"exness","EURUSD","2023-06-23 00:14:17.930Z",1.0956,1.09566
"exness","EURUSD","2023-06-23 00:14:25.941Z",1.09559,1.09566
"exness","EURUSD","2023-06-23 00:14:26.039Z",1.09558,1.09564
"exness","EURUSD","2023-06-23 00:14:26.081Z",1.09556,1.09563
"exness","EURUSD","2023-06-23 00:14:27.254Z",1.09556,1.09562
"exness","EURUSD","2023-06-23 00:14:28.387Z",1.09555,1.09562
"exness","EURUSD","2023-06-23 00:14:29.787Z",1.09555,1.09561
"exness","EURUSD","2023-06-23 00:14:32.413Z",1.09555,1.0956
"exness","EURUSD","2023-06-23 00:14:32.756Z",1.09555,1.09561
"exness","EURUSD","2023-06-23 00:14:34.198Z",1.09556,1.09562
"exness","EURUSD","2023-06-23 00:14:34.333Z",1.09558,1.09563
"exness","EURUSD","2023-06-23 00:14:36.840Z",1.09557,1.09563
"exness","EURUSD","2023-06-23 00:14:38.938Z",1.09557,1.09564
"exness","EURUSD","2023-06-23 00:14:41.443Z",1.09557,1.09563
"exness","EURUSD","2023-06-23 00:14:46.307Z",1.09556,1.09561
"exness","EURUSD","2023-06-23 00:14:49.706Z",1.09556,1.09562
"exness","EURUSD","2023-06-23 00:14:50.993Z",1.09555,1.09562
"exness","EURUSD","2023-06-23 00:14:52.020Z",1.09555,1.09561
"exness","EURUSD","2023-06-23 00:14:53.206Z",1.09556,1.09561
"exness","EURUSD","2023-06-23 00:14:55.281Z",1.09554,1.0956
"exness","EURUSD","2023-06-23 00:15:00.921Z",1.09555,1.0956
"exness","EURUSD","2023-06-23 00:15:01.342Z",1.0955300000000001,1.0956
"exness","EURUSD","2023-06-23 00:15:02.569Z",1.0955300000000001,1.09559
"exness","EURUSD","2023-06-23 00:15:04.603Z",1.09554,1.09561
"exness","EURUSD","2023-06-23 00:15:05.210Z",1.09554,1.09559
"exness","EURUSD","2023-06-23 00:15:06.430Z",1.09554,1.09561
"exness","EURUSD","2023-06-23 00:15:07.465Z",1.09555,1.09561
"exness","EURUSD","2023-06-23 00:15:09.169Z",1.09557,1.09562
"exness","EURUSD","2023-06-23 00:15:09.989Z",1.09555,1.09561
"exness","EURUSD","2023-06-23 00:15:11.114Z",1.09556,1.09561
"exness","EURUSD","2023-06-23 00:15:12.158Z",1.09555,1.09561
"exness","EURUSD","2023-06-23 00:15:14.756Z",1.09557,1.09563
"exness","EURUSD","2023-06-23 00:15:17.336Z",1.09558,1.09563
"exness","EURUSD","2023-06-23 00:15:17.979Z",1.09558,1.09564
"exness","EURUSD","2023-06-23 00:15:18.023Z",1.0956,1.09566
"exness","EURUSD","2023-06-23 00:15:18.860Z",1.09562,1.09567
"exness","EURUSD","2023-06-23 00:15:19.786Z",1.09562,1.09568
"exness","EURUSD","2023-06-23 00:15:20.282Z",1.09563,1.09568
"exness","EURUSD","2023-06-23 00:15:22.444Z",1.09562,1.09568
"exness","EURUSD","2023-06-23 00:15:26.402Z",1.09562,1.09569
"exness","EURUSD","2023-06-23 00:15:30.883Z",1.09563,1.09569
"exness","EURUSD","2023-06-23 00:15:31.899Z",1.09564,1.09571
"exness","EURUSD","2023-06-23 00:15:34.806Z",1.09565,1.0957
"exness","EURUSD","2023-06-23 00:15:35.819Z",1.09564,1.09571
"exness","EURUSD","2023-06-23 00:15:36.840Z",1.09565,1.0957
"exness","EURUSD","2023-06-23 00:15:41.117Z",1.09565,1.09571
"exness","EURUSD","2023-06-23 00:15:47.754Z",1.09566,1.09572
"exness","EURUSD","2023-06-23 00:15:48.882Z",1.09564,1.09571
"exness","EURUSD","2023-06-23 00:15:49.988Z",1.09563,1.09569
"exness","EURUSD","2023-06-23 00:15:51.335Z",1.09563,1.09568
"exness","EURUSD","2023-06-23 00:15:52.601Z",1.09562,1.09569
"exness","EURUSD","2023-06-23 00:15:53.731Z",1.09563,1.09569
"exness","EURUSD","2023-06-23 00:16:00.275Z",1.09564,1.0957
"exness","EURUSD","2023-06-23 00:16:00.296Z",1.09565,1.09572
"exness","EURUSD","2023-06-23 00:16:00.327Z",1.09567,1.09573
"exness","EURUSD","2023-06-23 00:16:00.368Z",1.09569,1.09574
"exness","EURUSD","2023-06-23 00:16:01.665Z",1.09569,1.09576
"exness","EURUSD","2023-06-23 00:16:03.916Z",1.0957,1.09576
"exness","EURUSD","2023-06-23 00:16:05.356Z",1.09571,1.09578
"exness","EURUSD","2023-06-23 00:16:08.154Z",1.09572,1.09577
"exness","EURUSD","2023-06-23 00:16:10.205Z",1.09571,1.09577
"exness","EURUSD","2023-06-23 00:16:11.223Z",1.0957,1.09576
"exness","EURUSD","2023-06-23 00:16:12.371Z",1.0957,1.09577
"exness","EURUSD","2023-06-23 00:16:17.134Z",1.0957,1.09576
"exness","EURUSD","2023-06-23 00:16:20.959Z",1.09571,1.09577
"exness","EURUSD","2023-06-23 00:16:24.027Z",1.09571,1.09578
"exness","EURUSD","2023-06-23 00:16:24.810Z",1.09573,1.09579
"exness","EURUSD","2023-06-23 00:16:25.083Z",1.09574,1.09581
"exness","EURUSD","2023-06-23 00:16:26.097Z",1.09575,1.0958
"exness","EURUSD","2023-06-23 00:16:27.223Z",1.09574,1.0958
"exness","EURUSD","2023-06-23 00:16:27.904Z",1.09573,1.09578
"exness","EURUSD","2023-06-23 00:16:32.006Z",1.09573,1.0958
"exness","EURUSD","2023-06-23 00:16:33.404Z",1.09574,1.0958
"exness","EURUSD","2023-06-23 00:16:34.405Z",1.09573,1.09579
"exness","EURUSD","2023-06-23 00:16:34.994Z",1.09571,1.09578
"exness","EURUSD","2023-06-23 00:16:36.084Z",1.09571,1.09577
"exness","EURUSD","2023-06-23 00:16:37.169Z",1.09572,1.09577
"exness","EURUSD","2023-06-23 00:16:39.350Z",1.09571,1.09578
"exness","EURUSD","2023-06-23 00:16:40.625Z",1.09572,1.09578
"exness","EURUSD","2023-06-23 00:16:41.678Z",1.09573,1.09578
"exness","EURUSD","2023-06-23 00:16:44.387Z",1.09573,1.09579
"exness","EURUSD","2023-06-23 00:16:59.600Z",1.09571,1.09577
"exness","EURUSD","2023-06-23 00:17:00.275Z",1.0957,1.09576
"exness","EURUSD","2023-06-23 00:17:00.567Z",1.09568,1.09574
"exness","EURUSD","2023-06-23 00:17:01.324Z",1.09568,1.09573
"exness","EURUSD","2023-06-23 00:17:02.038Z",1.09568,1.09575
"exness","EURUSD","2023-06-23 00:17:02.731Z",1.0957,1.09575
"exness","EURUSD","2023-06-23 00:17:04.377Z",1.0957,1.09577
"exness","EURUSD","2023-06-23 00:17:04.997Z",1.09572,1.09578
"exness","EURUSD","2023-06-23 00:17:06.342Z",1.09573,1.09578
"exness","EURUSD","2023-06-23 00:17:07.969Z",1.09573,1.0958
"exness","EURUSD","2023-06-23 00:17:09.654Z",1.09575,1.0958
"exness","EURUSD","2023-06-23 00:17:10.156Z",1.09576,1.09582
"exness","EURUSD","2023-06-23 00:17:11.401Z",1.09575,1.09581
"exness","EURUSD","2023-06-23 00:17:14.098Z",1.09574,1.0958
"exness","EURUSD","2023-06-23 00:17:15.695Z",1.09573,1.0958
"exness","EURUSD","2023-06-23 00:17:16.964Z",1.09575,1.09581
"exness","EURUSD","2023-06-23 00:17:21.572Z",1.09576,1.09581
"exness","EURUSD","2023-06-23 00:17:24.117Z",1.09575,1.09581
"exness","EURUSD","2023-06-23 00:17:25.338Z",1.09574,1.09581
"exness","EURUSD","2023-06-23 00:17:27.657Z",1.09575,1.09581
"exness","EURUSD","2023-06-23 00:17:28.726Z",1.09576,1.09582
"exness","EURUSD","2023-06-23 00:17:32.959Z",1.09577,1.09582
"exness","EURUSD","2023-06-23 00:17:34.101Z",1.09575,1.09582
"exness","EURUSD","2023-06-23 00:17:36.450Z",1.09575,1.09581
"exness","EURUSD","2023-06-23 00:17:38.979Z",1.09575,1.0958
"exness","EURUSD","2023-06-23 00:17:39.894Z",1.09576,1.09582
"exness","EURUSD","2023-06-23 00:17:43.364Z",1.09577,1.09582
"exness","EURUSD","2023-06-23 00:17:44.497Z",1.09575,1.09581
"exness","EURUSD","2023-06-23 00:17:45.805Z",1.09575,1.0958
"exness","EURUSD","2023-06-23 00:17:51.282Z",1.09574,1.0958
"exness","EURUSD","2023-06-23 00:17:52.689Z",1.09573,1.09579
"exness","EURUSD","2023-06-23 00:17:53.709Z",1.09572,1.09579
"exness","EURUSD","2023-06-23 00:17:53.954Z",1.09571,1.09577
"exness","EURUSD","2023-06-23 00:17:54.967Z",1.0957,1.09576
"exness","EURUSD","2023-06-23 00:17:56.067Z",1.0957,1.09575
"exness","EURUSD","2023-06-23 00:17:58.367Z",1.0957,1.09576
"exness","EURUSD","2023-06-23 00:17:59.368Z",1.09568,1.09574
"exness","EURUSD","2023-06-23 00:18:01.979Z",1.09569,1.09574
"exness","EURUSD","2023-06-23 00:18:02.384Z",1.09567,1.09573
"exness","EURUSD","2023-06-23 00:18:07.913Z",1.09567,1.09574
"exness","EURUSD","2023-06-23 00:18:08.958Z",1.09567,1.09573
"exness","EURUSD","2023-06-23 00:18:11.061Z",1.09566,1.09573
"exness","EURUSD","2023-06-23 00:18:12.062Z",1.09568,1.09573
"exness","EURUSD","2023-06-23 00:18:13.013Z",1.09566,1.09572
"exness","EURUSD","2023-06-23 00:18:13.219Z",1.09565,1.09571
"exness","EURUSD","2023-06-23 00:18:13.715Z",1.09566,1.09572
"exness","EURUSD","2023-06-23 00:18:14.880Z",1.09567,1.09572
"exness","EURUSD","2023-06-23 00:18:17.887Z",1.09567,1.09574
"exness","EURUSD","2023-06-23 00:18:20.384Z",1.09569,1.09575
"exness","EURUSD","2023-06-23 00:18:21.524Z",1.09568,1.09574
"exness","EURUSD","2023-06-23 00:18:22.592Z",1.09567,1.09573
"exness","EURUSD","2023-06-23 00:18:23.599Z",1.09568,1.09573
"exness","EURUSD","2023-06-23 00:18:24.600Z",1.09567,1.09573
"exness","EURUSD","2023-06-23 00:18:24.763Z",1.09565,1.09572
"exness","EURUSD","2023-06-23 00:18:25.921Z",1.09564,1.0957
"exness","EURUSD","2023-06-23 00:18:26.173Z",1.09566,1.09572
"exness","EURUSD","2023-06-23 00:18:27.221Z",1.09567,1.09572
"exness","EURUSD","2023-06-23 00:18:27.548Z",1.09565,1.09571
"exness","EURUSD","2023-06-23 00:18:29.105Z",1.09564,1.09571
"exness","EURUSD","2023-06-23 00:18:30.113Z",1.09565,1.0957
"exness","EURUSD","2023-06-23 00:18:30.226Z",1.09566,1.09572
"exness","EURUSD","2023-06-23 00:18:31.243Z",1.09567,1.09572
"exness","EURUSD","2023-06-23 00:18:32.257Z",1.09567,1.09573
"exness","EURUSD","2023-06-23 00:18:34.572Z",1.09567,1.09574
"exness","EURUSD","2023-06-23 00:18:36.410Z",1.09568,1.09574
"exness","EURUSD","2023-06-23 00:18:36.526Z",1.09566,1.09572
"exness","EURUSD","2023-06-23 00:18:36.554Z",1.09564,1.09571
"exness","EURUSD","2023-06-23 00:18:36.757Z",1.09564,1.09569
"exness","EURUSD","2023-06-23 00:18:36.880Z",1.09562,1.09568
"exness","EURUSD","2023-06-23 00:18:38.345Z",1.09563,1.09568
"exness","EURUSD","2023-06-23 00:18:39.459Z",1.09562,1.09568
"exness","EURUSD","2023-06-23 00:18:41.090Z",1.0956,1.09566
"exness","EURUSD","2023-06-23 00:18:42.167Z",1.09562,1.09567
"exness","EURUSD","2023-06-23 00:18:43.003Z",1.09562,1.09568
"exness","EURUSD","2023-06-23 00:18:44.910Z",1.09563,1.09568
"exness","EURUSD","2023-06-23 00:18:47.276Z",1.09562,1.09568
"exness","EURUSD","2023-06-23 00:18:50.650Z",1.09562,1.09569
"exness","EURUSD","2023-06-23 00:18:51.191Z",1.09564,1.0957
"exness","EURUSD","2023-06-23 00:18:51.196Z",1.09565,1.09572
"exness","EURUSD","2023-06-23 00:18:51.336Z",1.09567,1.09573
"exness","EURUSD","2023-06-23 00:19:00.212Z",1.09569,1.09575
"exness","EURUSD","2023-06-23 00:19:01.379Z",1.09568,1.09574
"exness","EURUSD","2023-06-23 00:19:04.007Z",1.09567,1.09573
"exness","EURUSD","2023-06-23 00:19:06.717Z",1.09565,1.09571
"exness","EURUSD","2023-06-23 00:19:09.507Z",1.09564,1.0957
"exness","EURUSD","2023-06-23 00:19:10.510Z",1.09565,1.0957
"exness","EURUSD","2023-06-23 00:19:11.848Z",1.09564,1.0957
"exness","EURUSD","2023-06-23 00:19:12.912Z",1.09564,1.09569
"exness","EURUSD","2023-06-23 00:19:13.937Z",1.09563,1.0957
"exness","EURUSD","2023-06-23 00:19:16.939Z",1.09564,1.0957
"exness","EURUSD","2023-06-23 00:19:34.399Z",1.09564,1.09569
"exness","EURUSD","2023-06-23 00:19:41.262Z",1.09563,1.0957
"exness","EURUSD","2023-06-23 00:19:48.877Z",1.09564,1.0957
"exness","EURUSD","2023-06-23 00:19:55.068Z",1.09564,1.09569
"exness","EURUSD","2023-06-23 00:19:55.176Z",1.09563,1.09569
"exness","EURUSD","2023-06-23 00:19:56.181Z",1.09561,1.09568
"exness","EURUSD","2023-06-23 00:19:57.358Z",1.09562,1.09568
"exness","EURUSD","2023-06-23 00:19:58.414Z",1.09562,1.09567
"exness","EURUSD","2023-06-23 00:19:59.701Z",1.09562,1.09568
"exness","EURUSD","2023-06-23 00:20:05.241Z",1.0956,1.09567
"exness","EURUSD","2023-06-23 00:20:06.374Z",1.0956,1.09566
"exness","EURUSD","2023-06-23 00:20:07.385Z",1.09561,1.09567
"exness","EURUSD","2023-06-23 00:20:08.438Z",1.0956,1.09567
"exness","EURUSD","2023-06-23 00:20:10.030Z",1.09559,1.09566
"exness","EURUSD","2023-06-23 00:20:13.266Z",1.0956,1.09566
"exness","EURUSD","2023-06-23 00:20:21.144Z",1.0956,1.09565
"exness","EURUSD","2023-06-23 00:20:22.551Z",1.09559,1.09565
"exness","EURUSD","2023-06-23 00:20:31.544Z",1.09557,1.09563
"exness","EURUSD","2023-06-23 00:20:31.574Z",1.09557,1.09562
"exness","EURUSD","2023-06-23 00:20:31.619Z",1.09555,1.09561
"exness","EURUSD","2023-06-23 00:20:31.881Z",1.0955300000000001,1.0956
"exness","EURUSD","2023-06-23 00:20:32.986Z",1.0955300000000001,1.09559
"exness","EURUSD","2023-06-23 00:20:39.101Z",1.09552,1.09558
"exness","EURUSD","2023-06-23 00:20:43.287Z",1.0955300000000001,1.09559
"exness","EURUSD","2023-06-23 00:20:47.199Z",1.09552,1.09559
"exness","EURUSD","2023-06-23 00:20:49.233Z",1.0955300000000001,1.09558
"exness","EURUSD","2023-06-23 00:20:51.740Z",1.09552,1.09558
"exness","EURUSD","2023-06-23 00:21:03.697Z",1.0955300000000001,1.0956
"exness","EURUSD","2023-06-23 00:21:04.900Z",1.0955300000000001,1.09559
"exness","EURUSD","2023-06-23 00:21:05.943Z",1.0955300000000001,1.0956
"exness","EURUSD","2023-06-23 00:21:07.049Z",1.09554,1.09559
"exness","EURUSD","2023-06-23 00:21:09.198Z",1.0955300000000001,1.0956
"exness","EURUSD","2023-06-23 00:21:09.572Z",1.0955300000000001,1.09558
"exness","EURUSD","2023-06-23 00:21:10.908Z",1.09552,1.09559
"exness","EURUSD","2023-06-23 00:21:13.968Z",1.09552,1.09558
"exness","EURUSD","2023-06-23 00:21:16.226Z",1.09552,1.09557
"exness","EURUSD","2023-06-23 00:21:19.642Z",1.09552,1.09558
"exness","EURUSD","2023-06-23 00:21:25.937Z",1.0955300000000001,1.0956
"exness","EURUSD","2023-06-23 00:21:26.949Z",1.09554,1.09559
"exness","EURUSD","2023-06-23 00:21:33.706Z",1.09554,1.0956
"exness","EURUSD","2023-06-23 00:21:39.966Z",1.09555,1.0956
"exness","EURUSD","2023-06-23 00:21:41.157Z",1.09554,1.0956
"exness","EURUSD","2023-06-23 00:21:47.480Z",1.09555,1.0956
"exness","EURUSD","2023-06-23 00:21:49.046Z",1.09555,1.09562
"exness","EURUSD","2023-06-23 00:21:49.062Z",1.09557,1.09563
"exness","EURUSD","2023-06-23 00:21:50.305Z",1.09557,1.09564
"exness","EURUSD","2023-06-23 00:21:51.358Z",1.09558,1.09563
"exness","EURUSD","2023-06-23 00:21:53.690Z",1.09557,1.09564
"exness","EURUSD","2023-06-23 00:21:55.166Z",1.09556,1.09562
"exness","EURUSD","2023-06-23 00:21:55.650Z",1.09554,1.09561
"exness","EURUSD","2023-06-23 00:21:57.036Z",1.09555,1.0956
"exness","EURUSD","2023-06-23 00:21:59.588Z",1.09554,1.0956
"exness","EURUSD","2023-06-23 00:21:59.942Z",1.09552,1.09559
"exness","EURUSD","2023-06-23 00:22:00.943Z",1.09552,1.09558
"exness","EURUSD","2023-06-23 00:22:02.956Z",1.0955300000000001,1.09558
"exness","EURUSD","2023-06-23 00:22:04.312Z",1.09552,1.09558
"exness","EURUSD","2023-06-23 00:22:28.312Z",1.09552,1.09557
"exness","EURUSD","2023-06-23 00:22:32.149Z",1.09552,1.09558
"exness","EURUSD","2023-06-23 00:22:33.146Z",1.0955300000000001,1.09558
"exness","EURUSD","2023-06-23 00:22:34.213Z",1.09552,1.09558
"exness","EURUSD","2023-06-23 00:22:37.625Z",1.09552,1.09557
"exness","EURUSD","2023-06-23 00:22:37.657Z",1.09551,1.09557
"exness","EURUSD","2023-06-23 00:22:37.722Z",1.09549,1.09555
"exness","EURUSD","2023-06-23 00:22:51.887Z",1.0955,1.09556
"exness","EURUSD","2023-06-23 00:23:00.058Z",1.0955,1.09555
"exness","EURUSD","2023-06-23 00:23:00.104Z",1.09551,1.09557
"exness","EURUSD","2023-06-23 00:23:00.123Z",1.09552,1.09559
"exness","EURUSD","2023-06-23 00:23:00.534Z",1.09554,1.09559
"exness","EURUSD","2023-06-23 00:23:02.657Z",1.0955300000000001,1.09559
"exness","EURUSD","2023-06-23 00:23:03.678Z",1.0955300000000001,1.0956
"exness","EURUSD","2023-06-23 00:23:04.984Z",1.0955300000000001,1.09559
"exness","EURUSD","2023-06-23 00:23:06.048Z",1.09554,1.0956
"exness","EURUSD","2023-06-23 00:23:08.217Z",1.0955300000000001,1.0956
"exness","EURUSD","2023-06-23 00:23:09.547Z",1.09555,1.09561
"exness","EURUSD","2023-06-23 00:23:13.915Z",1.09555,1.0956
"exness","EURUSD","2023-06-23 00:23:14.985Z",1.09555,1.09561
"exness","EURUSD","2023-06-23 00:23:16.098Z",1.09554,1.09561
"exness","EURUSD","2023-06-23 00:23:17.148Z",1.09554,1.0956
"exness","EURUSD","2023-06-23 00:23:18.667Z",1.09552,1.09558
"exness","EURUSD","2023-06-23 00:23:19.882Z",1.09551,1.09557
"exness","EURUSD","2023-06-23 00:23:22.699Z",1.0955,1.09556
"exness","EURUSD","2023-06-23 00:23:25.398Z",1.09551,1.09556
"exness","EURUSD","2023-06-23 00:23:25.473Z",1.09549,1.09555
"exness","EURUSD","2023-06-23 00:23:26.551Z",1.09548,1.09555
"exness","EURUSD","2023-06-23 00:23:27.833Z",1.09548,1.0955300000000001
"exness","EURUSD","2023-06-23 00:23:29.096Z",1.09547,1.09552
"exness","EURUSD","2023-06-23 00:23:29.126Z",1.09546,1.09552
"exness","EURUSD","2023-06-23 00:23:29.216Z",1.09545,1.0955
"exness","EURUSD","2023-06-23 00:23:31.337Z",1.09546,1.09551
"exness","EURUSD","2023-06-23 00:23:34.554Z",1.09545,1.09551
"exness","EURUSD","2023-06-23 00:23:38.637Z",1.09547,1.0955300000000001
"exness","EURUSD","2023-06-23 00:23:38.677Z",1.09548,1.09554
"exness","EURUSD","2023-06-23 00:23:38.725Z",1.0955,1.09556
"exness","EURUSD","2023-06-23 00:23:39.226Z",1.0955,1.09555
"exness","EURUSD","2023-06-23 00:23:41.484Z",1.09549,1.09555
"exness","EURUSD","2023-06-23 00:23:48.670Z",1.09549,1.09554
"exness","EURUSD","2023-06-23 00:23:53.127Z",1.09548,1.09555
"exness","EURUSD","2023-06-23 00:23:56.022Z",1.0955,1.09555
"exness","EURUSD","2023-06-23 00:23:57.238Z",1.09549,1.09554
"exness","EURUSD","2023-06-23 00:23:58.625Z",1.09548,1.09555
"exness","EURUSD","2023-06-23 00:23:59.752Z",1.09548,1.09554
"exness","EURUSD","2023-06-23 00:24:03.355Z",1.09548,1.0955300000000001
"exness","EURUSD","2023-06-23 00:24:04.586Z",1.09547,1.09554
"exness","EURUSD","2023-06-23 00:24:05.756Z",1.09548,1.09554
"exness","EURUSD","2023-06-23 00:24:08.883Z",1.09547,1.09554
"exness","EURUSD","2023-06-23 00:24:09.906Z",1.09548,1.09554
"exness","EURUSD","2023-06-23 00:24:11.254Z",1.0955,1.09556
"exness","EURUSD","2023-06-23 00:24:14.311Z",1.09551,1.09557
"exness","EURUSD","2023-06-23 00:24:16.627Z",1.0955,1.09557
"exness","EURUSD","2023-06-23 00:24:17.777Z",1.09551,1.09557
"exness","EURUSD","2023-06-23 00:24:17.881Z",1.09552,1.09558
"exness","EURUSD","2023-06-23 00:24:17.885Z",1.09554,1.0956
"exness","EURUSD","2023-06-23 00:24:17.894Z",1.09555,1.09562
"exness","EURUSD","2023-06-23 00:24:17.911Z",1.09557,1.09563
"exness","EURUSD","2023-06-23 00:24:19.511Z",1.09556,1.09562
"exness","EURUSD","2023-06-23 00:24:29.231Z",1.09557,1.09563
"exness","EURUSD","2023-06-23 00:24:31.371Z",1.09557,1.09564
"exness","EURUSD","2023-06-23 00:24:33.111Z",1.09556,1.09562
"exness","EURUSD","2023-06-23 00:24:33.143Z",1.09554,1.0956
"exness","EURUSD","2023-06-23 00:24:33.225Z",1.0955300000000001,1.09559
"exness","EURUSD","2023-06-23 00:24:34.282Z",1.0955300000000001,1.09558
"exness","EURUSD","2023-06-23 00:24:38.106Z",1.09552,1.09559
"exness","EURUSD","2023-06-23 00:24:40.934Z",1.0955300000000001,1.09559
"exness","EURUSD","2023-06-23 00:24:46.007Z",1.09554,1.0956
"exness","EURUSD","2023-06-23 00:24:47.013Z",1.09555,1.09562
"exness","EURUSD","2023-06-23 00:24:49.658Z",1.09556,1.09561
"exness","EURUSD","2023-06-23 00:24:51.799Z",1.09557,1.09563
"exness","EURUSD","2023-06-23 00:24:51.997Z",1.09558,1.09565
"exness","EURUSD","2023-06-23 00:24:54.452Z",1.09558,1.09564
"exness","EURUSD","2023-06-23 00:24:55.588Z",1.09556,1.09563
"exness","EURUSD","2023-06-23 00:24:56.753Z",1.09558,1.09563
"exness","EURUSD","2023-06-23 00:24:58.225Z",1.09557,1.09563
"exness","EURUSD","2023-06-23 00:25:00.320Z",1.09557,1.09564
"exness","EURUSD","2023-06-23 00:25:01.515Z",1.09558,1.09563
"exness","EURUSD","2023-06-23 00:25:05.355Z",1.09558,1.09564
"exness","EURUSD","2023-06-23 00:25:06.440Z",1.09557,1.09564
"exness","EURUSD","2023-06-23 00:25:10.998Z",1.09557,1.09563
"exness","EURUSD","2023-06-23 00:25:19.896Z",1.09556,1.09562
"exness","EURUSD","2023-06-23 00:25:21.107Z",1.09555,1.09562
"exness","EURUSD","2023-06-23 00:25:24.052Z",1.09556,1.09561
"exness","EURUSD","2023-06-23 00:25:30.705Z",1.09555,1.09561
"exness","EURUSD","2023-06-23 00:25:33.331Z",1.09555,1.09562
"exness","EURUSD","2023-06-23 00:25:34.989Z",1.09555,1.09561
"exness","EURUSD","2023-06-23 00:25:36.042Z",1.09554,1.0956
"exness","EURUSD","2023-06-23 00:25:37.123Z",1.09552,1.09558
"exness","EURUSD","2023-06-23 00:25:39.803Z",1.0955,1.09557
"exness","EURUSD","2023-06-23 00:25:39.831Z",1.09549,1.09555
"exness","EURUSD","2023-06-23 00:25:40.565Z",1.09548,1.0955300000000001
"exness","EURUSD","2023-06-23 00:25:43.928Z",1.09548,1.09554
"exness","EURUSD","2023-06-23 00:25:44.926Z",1.09548,1.09555
"exness","EURUSD","2023-06-23 00:25:46.098Z",1.09548,1.09554
"exness","EURUSD","2023-06-23 00:25:49.875Z",1.09548,1.0955300000000001
"exness","EURUSD","2023-06-23 00:26:00.850Z",1.09547,1.09554
"exness","EURUSD","2023-06-23 00:26:03.487Z",1.09547,1.0955300000000001
"exness","EURUSD","2023-06-23 00:26:11.372Z",1.09547,1.09554
"exness","EURUSD","2023-06-23 00:26:12.383Z",1.09548,1.09554
"exness","EURUSD","2023-06-23 00:26:13.991Z",1.09548,1.0955300000000001
"exness","EURUSD","2023-06-23 00:26:15.268Z",1.09547,1.0955300000000001
"exness","EURUSD","2023-06-23 00:26:21.718Z",1.09548,1.0955300000000001
"exness","EURUSD","2023-06-23 00:26:22.265Z",1.09546,1.0955300000000001
"exness","EURUSD","2023-06-23 00:26:23.435Z",1.09546,1.09552
"exness","EURUSD","2023-06-23 00:26:31.833Z",1.09545,1.0955
"exness","EURUSD","2023-06-23 00:26:33.892Z",1.09545,1.09551
"exness","EURUSD","2023-06-23 00:26:40.148Z",1.09546,1.09552
"exness","EURUSD","2023-06-23 00:26:42.679Z",1.09546,1.0955300000000001
"exness","EURUSD","2023-06-23 00:26:43.852Z",1.09546,1.09552
"exness","EURUSD","2023-06-23 00:26:48.754Z",1.09545,1.09552
"exness","EURUSD","2023-06-23 00:26:50.106Z",1.09546,1.09551
"exness","EURUSD","2023-06-23 00:26:57.061Z",1.09545,1.09552
"exness","EURUSD","2023-06-23 00:26:58.082Z",1.09544,1.09551
"exness","EURUSD","2023-06-23 00:27:00.587Z",1.09545,1.09551
"exness","EURUSD","2023-06-23 00:27:05.294Z",1.09544,1.09551
"exness","EURUSD","2023-06-23 00:27:06.292Z",1.09545,1.0955
"exness","EURUSD","2023-06-23 00:27:08.481Z",1.09543,1.0955
"exness","EURUSD","2023-06-23 00:27:08.507Z",1.09542,1.09548
"exness","EURUSD","2023-06-23 00:27:08.532Z",1.0954,1.09546
"exness","EURUSD","2023-06-23 00:27:10.203Z",1.09539,1.09545
"exness","EURUSD","2023-06-23 00:27:11.588Z",1.0954,1.09545
"exness","EURUSD","2023-06-23 00:27:16.513Z",1.0954,1.09546
"exness","EURUSD","2023-06-23 00:27:27.418Z",1.09542,1.09548
"exness","EURUSD","2023-06-23 00:27:28.898Z",1.09543,1.09549
"exness","EURUSD","2023-06-23 00:27:36.199Z",1.09543,1.09548
"exness","EURUSD","2023-06-23 00:27:37.633Z",1.09544,1.0955
"exness","EURUSD","2023-06-23 00:27:37.685Z",1.09546,1.09551
"exness","EURUSD","2023-06-23 00:27:38.027Z",1.09544,1.0955
"exness","EURUSD","2023-06-23 00:27:39.101Z",1.09545,1.0955
"exness","EURUSD","2023-06-23 00:27:40.294Z",1.09544,1.09549
"exness","EURUSD","2023-06-23 00:27:41.313Z",1.09543,1.09549
"exness","EURUSD","2023-06-23 00:27:42.402Z",1.09542,1.09548
"exness","EURUSD","2023-06-23 00:27:43.409Z",1.09541,1.09548
"exness","EURUSD","2023-06-23 00:27:46.463Z",1.09542,1.09548
"exness","EURUSD","2023-06-23 00:27:58.157Z",1.09541,1.09547
"exness","EURUSD","2023-06-23 00:28:00.048Z",1.0954,1.09546
"exness","EURUSD","2023-06-23 00:28:02.126Z",1.09541,1.09547
"exness","EURUSD","2023-06-23 00:28:03.741Z",1.09542,1.09547
"exness","EURUSD","2023-06-23 00:28:04.821Z",1.09542,1.09548
"exness","EURUSD","2023-06-23 00:28:06.035Z",1.0954,1.09547
"exness","EURUSD","2023-06-23 00:28:07.120Z",1.0954,1.09546
"exness","EURUSD","2023-06-23 00:28:11.150Z",1.09541,1.09546
"exness","EURUSD","2023-06-23 00:28:15.216Z",1.0954,1.09545
"exness","EURUSD","2023-06-23 00:28:16.522Z",1.0954,1.09546
"exness","EURUSD","2023-06-23 00:28:38.862Z",1.09541,1.09547
"exness","EURUSD","2023-06-23 00:28:39.200Z",1.09541,1.09546
"exness","EURUSD","2023-06-23 00:28:44.023Z",1.09541,1.09547
"exness","EURUSD","2023-06-23 00:28:45.652Z",1.09542,1.09548
"exness","EURUSD","2023-06-23 00:28:48.744Z",1.09543,1.09548
"exness","EURUSD","2023-06-23 00:28:54.857Z",1.09542,1.09548
"exness","EURUSD","2023-06-23 00:29:02.119Z",1.0954,1.09547
"exness","EURUSD","2023-06-23 00:29:03.548Z",1.0954,1.09546
"exness","EURUSD","2023-06-23 00:29:05.094Z",1.09541,1.09547
"exness","EURUSD","2023-06-23 00:29:06.487Z",1.09541,1.09548
"exness","EURUSD","2023-06-23 00:29:07.561Z",1.09542,1.09547
"exness","EURUSD","2023-06-23 00:29:08.540Z",1.0954,1.09547
"exness","EURUSD","2023-06-23 00:29:09.669Z",1.0954,1.09546
"exness","EURUSD","2023-06-23 00:29:12.644Z",1.09541,1.09547
"exness","EURUSD","2023-06-23 00:29:20.644Z",1.09542,1.09548
"exness","EURUSD","2023-06-23 00:29:27.991Z",1.09541,1.09548
"exness","EURUSD","2023-06-23 00:29:29.113Z",1.09541,1.09547
"exness","EURUSD","2023-06-23 00:29:30.140Z",1.09542,1.09547
"exness","EURUSD","2023-06-23 00:29:31.553Z",1.09541,1.09547
"exness","EURUSD","2023-06-23 00:29:46.841Z",1.09541,1.09548
"exness","EURUSD","2023-06-23 00:29:48.443Z",1.09542,1.09548
"exness","EURUSD","2023-06-23 00:29:50.819Z",1.09542,1.09547
"exness","EURUSD","2023-06-23 00:29:54.451Z",1.09541,1.09547
"exness","EURUSD","2023-06-23 00:29:56.132Z",1.09541,1.09548
"exness","EURUSD","2023-06-23 00:30:00.438Z",1.09543,1.09548
"exness","EURUSD","2023-06-23 00:30:01.202Z",1.09541,1.09547
"exness","EURUSD","2023-06-23 00:30:02.816Z",1.0954,1.09546
"exness","EURUSD","2023-06-23 00:30:04.200Z",1.09541,1.09547
"exness","EURUSD","2023-06-23 00:30:08.155Z",1.09541,1.09548
"exness","EURUSD","2023-06-23 00:30:11.260Z",1.09542,1.09547
"exness","EURUSD","2023-06-23 00:30:19.958Z",1.09542,1.09548
"exness","EURUSD","2023-06-23 00:30:22.691Z",1.09543,1.09549
"exness","EURUSD","2023-06-23 00:30:24.340Z",1.09544,1.0955
"exness","EURUSD","2023-06-23 00:30:33.296Z",1.09544,1.09551
"exness","EURUSD","2023-06-23 00:30:34.457Z",1.09545,1.09552
"exness","EURUSD","2023-06-23 00:30:39.950Z",1.09546,1.09551
"exness","EURUSD","2023-06-23 00:30:44.390Z",1.09546,1.09552
"exness","EURUSD","2023-06-23 00:30:46.943Z",1.09544,1.0955
"exness","EURUSD","2023-06-23 00:30:52.184Z",1.09543,1.09549
"exness","EURUSD","2023-06-23 00:30:54.033Z",1.09544,1.09549
"exness","EURUSD","2023-06-23 00:30:55.088Z",1.09543,1.09548
"exness","EURUSD","2023-06-23 00:30:58.833Z",1.09542,1.09548
"exness","EURUSD","2023-06-23 00:31:00.509Z",1.0954,1.09547
"exness","EURUSD","2023-06-23 00:31:02.549Z",1.0954,1.09546
"exness","EURUSD","2023-06-23 00:31:02.856Z",1.09542,1.09547
"exness","EURUSD","2023-06-23 00:31:05.043Z",1.09541,1.09548
"exness","EURUSD","2023-06-23 00:31:06.056Z",1.09542,1.09547
"exness","EURUSD","2023-06-23 00:31:10.448Z",1.09542,1.09548
"exness","EURUSD","2023-06-23 00:31:18.719Z",1.09543,1.09549
"exness","EURUSD","2023-06-23 00:31:26.106Z",1.09543,1.09548
"exness","EURUSD","2023-06-23 00:31:28.404Z",1.09542,1.09548
"exness","EURUSD","2023-06-23 00:31:49.702Z",1.0954,1.09547
"exness","EURUSD","2023-06-23 00:31:50.353Z",1.0954,1.09545
"exness","EURUSD","2023-06-23 00:31:51.728Z",1.09539,1.09545
"exness","EURUSD","2023-06-23 00:31:52.740Z",1.09539,1.09544
"exness","EURUSD","2023-06-23 00:31:53.988Z",1.09538,1.09545
"exness","EURUSD","2023-06-23 00:32:01.113Z",1.09539,1.09545
"exness","EURUSD","2023-06-23 00:32:02.520Z",1.0954,1.09546
"exness","EURUSD","2023-06-23 00:32:03.354Z",1.09541,1.09547
"exness","EURUSD","2023-06-23 00:32:04.373Z",1.09542,1.09548
"exness","EURUSD","2023-06-23 00:32:05.219Z",1.0954,1.09547
"exness","EURUSD","2023-06-23 00:32:07.258Z",1.0954,1.09546
"exness","EURUSD","2023-06-23 00:32:07.472Z",1.09542,1.09548
"exness","EURUSD","2023-06-23 00:32:10.572Z",1.09541,1.09547
"exness","EURUSD","2023-06-23 00:32:11.888Z",1.0954,1.09546
"exness","EURUSD","2023-06-23 00:32:13.937Z",1.09542,1.09548
"exness","EURUSD","2023-06-23 00:32:14.981Z",1.09541,1.09547
"exness","EURUSD","2023-06-23 00:32:18.880Z",1.0954,1.09546
"exness","EURUSD","2023-06-23 00:32:19.243Z",1.09541,1.09546
"exness","EURUSD","2023-06-23 00:32:20.403Z",1.0954,1.09546
"exness","EURUSD","2023-06-23 00:32:21.103Z",1.09539,1.09544
"exness","EURUSD","2023-06-23 00:32:22.565Z",1.09539,1.09545
"exness","EURUSD","2023-06-23 00:32:23.958Z",1.09537,1.09543
"exness","EURUSD","2023-06-23 00:32:23.988Z",1.09535,1.09542
"exness","EURUSD","2023-06-23 00:32:24.082Z",1.09534,1.0954
"exness","EURUSD","2023-06-23 00:32:25.589Z",1.09533,1.09539
"exness","EURUSD","2023-06-23 00:32:26.801Z",1.09534,1.09539
"exness","EURUSD","2023-06-23 00:32:28.422Z",1.09533,1.09538
"exness","EURUSD","2023-06-23 00:32:29.435Z",1.09533,1.09539
"exness","EURUSD","2023-06-23 00:32:29.762Z",1.09531,1.09537
"exness","EURUSD","2023-06-23 00:32:29.836Z",1.0953,1.09536
"exness","EURUSD","2023-06-23 00:32:30.848Z",1.09529,1.09535
"exness","EURUSD","2023-06-23 00:32:30.971Z",1.09527,1.09534
"exness","EURUSD","2023-06-23 00:32:31.709Z",1.09527,1.09533
"exness","EURUSD","2023-06-23 00:32:31.732Z",1.09526,1.09532
"exness","EURUSD","2023-06-23 00:32:31.832Z",1.09527,1.09533
"exness","EURUSD","2023-06-23 00:32:33.494Z",1.09528,1.09534
"exness","EURUSD","2023-06-23 00:32:39.936Z",1.09527,1.09533
"exness","EURUSD","2023-06-23 00:32:43.423Z",1.09528,1.09534
"exness","EURUSD","2023-06-23 00:32:44.574Z",1.09528,1.09535
"exness","EURUSD","2023-06-23 00:32:47.888Z",1.09527,1.09533
"exness","EURUSD","2023-06-23 00:32:50.051Z",1.09528,1.09533
"exness","EURUSD","2023-06-23 00:32:53.123Z",1.09527,1.09534
"exness","EURUSD","2023-06-23 00:32:53.336Z",1.09526,1.09532
"exness","EURUSD","2023-06-23 00:32:54.283Z",1.09527,1.09532
"exness","EURUSD","2023-06-23 00:32:55.060Z",1.09526,1.09532
"exness","EURUSD","2023-06-23 00:32:55.111Z",1.09527,1.09533
"exness","EURUSD","2023-06-23 00:32:55.407Z",1.09529,1.09534
"exness","EURUSD","2023-06-23 00:32:55.689Z",1.09529,1.09535
"exness","EURUSD","2023-06-23 00:32:56.794Z",1.0953,1.09537
"exness","EURUSD","2023-06-23 00:32:57.899Z",1.09532,1.09538
"exness","EURUSD","2023-06-23 00:32:59.244Z",1.09532,1.09537
"exness","EURUSD","2023-06-23 00:32:59.488Z",1.09533,1.09539
"exness","EURUSD","2023-06-23 00:33:03.422Z",1.09533,1.0954
"exness","EURUSD","2023-06-23 00:33:05.444Z",1.09535,1.09541
"exness","EURUSD","2023-06-23 00:33:05.879Z",1.09536,1.09543
"exness","EURUSD","2023-06-23 00:33:06.977Z",1.09538,1.09543
"exness","EURUSD","2023-06-23 00:33:07.505Z",1.09536,1.09542
"exness","EURUSD","2023-06-23 00:33:07.537Z",1.09534,1.09541
"exness","EURUSD","2023-06-23 00:33:07.581Z",1.09533,1.09539
"exness","EURUSD","2023-06-23 00:33:07.595Z",1.09531,1.09538
"exness","EURUSD","2023-06-23 00:33:07.631Z",1.0953,1.09536
"exness","EURUSD","2023-06-23 00:33:08.662Z",1.0953,1.09535
"exness","EURUSD","2023-06-23 00:33:09.670Z",1.09528,1.09535
"exness","EURUSD","2023-06-23 00:33:12.227Z",1.0953,1.09536
"exness","EURUSD","2023-06-23 00:33:13.287Z",1.09529,1.09535
"exness","EURUSD","2023-06-23 00:33:14.040Z",1.09531,1.09537
"exness","EURUSD","2023-06-23 00:33:37.804Z",1.09532,1.09538
"exness","EURUSD","2023-06-23 00:33:38.204Z",1.09533,1.09538
"exness","EURUSD","2023-06-23 00:33:39.516Z",1.09532,1.09539
"exness","EURUSD","2023-06-23 00:33:41.198Z",1.09532,1.09538
"exness","EURUSD","2023-06-23 00:33:46.118Z",1.09533,1.09538
"exness","EURUSD","2023-06-23 00:33:47.651Z",1.09532,1.09538
"exness","EURUSD","2023-06-23 00:33:47.759Z",1.09534,1.0954
"exness","EURUSD","2023-06-23 00:33:48.906Z",1.09534,1.09541
"exness","EURUSD","2023-06-23 00:33:49.959Z",1.09536,1.09542
"exness","EURUSD","2023-06-23 00:33:52.441Z",1.09537,1.09542
"exness","EURUSD","2023-06-23 00:33:54.766Z",1.09536,1.09542
"exness","EURUSD","2023-06-23 00:34:01.763Z",1.09534,1.0954
"exness","EURUSD","2023-06-23 00:34:02.854Z",1.09533,1.0954
"exness","EURUSD","2023-06-23 00:34:05.807Z",1.09534,1.09539
"exness","EURUSD","2023-06-23 00:34:08.136Z",1.09534,1.0954
"exness","EURUSD","2023-06-23 00:34:11.930Z",1.09535,1.09542
"exness","EURUSD","2023-06-23 00:34:12.933Z",1.09536,1.09542
"exness","EURUSD","2023-06-23 00:34:14.090Z",1.09536,1.09541
"exness","EURUSD","2023-06-23 00:34:15.406Z",1.09536,1.09542
"exness","EURUSD","2023-06-23 00:34:18.238Z",1.09535,1.09541
"exness","EURUSD","2023-06-23 00:34:23.470Z",1.09535,1.0954
"exness","EURUSD","2023-06-23 00:34:23.506Z",1.09533,1.0954
"exness","EURUSD","2023-06-23 00:34:25.166Z",1.09533,1.09539
"exness","EURUSD","2023-06-23 00:34:26.544Z",1.09533,1.0954
"exness","EURUSD","2023-06-23 00:34:28.771Z",1.09534,1.09539
"exness","EURUSD","2023-06-23 00:34:30.369Z",1.09533,1.09539
"exness","EURUSD","2023-06-23 00:34:36.045Z",1.09533,1.0954
"exness","EURUSD","2023-06-23 00:34:39.215Z",1.09535,1.09541
"exness","EURUSD","2023-06-23 00:34:39.226Z",1.09537,1.09543
"exness","EURUSD","2023-06-23 00:34:55.391Z",1.09538,1.09544
"exness","EURUSD","2023-06-23 00:34:56.406Z",1.09539,1.09545
"exness","EURUSD","2023-06-23 00:34:57.732Z",1.09539,1.09544
"exness","EURUSD","2023-06-23 00:35:01.088Z",1.09538,1.09545
"exness","EURUSD","2023-06-23 00:35:02.938Z",1.09537,1.09543
"exness","EURUSD","2023-06-23 00:35:03.165Z",1.09535,1.09542
"exness","EURUSD","2023-06-23 00:35:04.183Z",1.09536,1.09541
"exness","EURUSD","2023-06-23 00:35:04.926Z",1.09536,1.09542
"exness","EURUSD","2023-06-23 00:35:05.337Z",1.09538,1.09544
"exness","EURUSD","2023-06-23 00:35:09.288Z",1.09539,1.09546
"exness","EURUSD","2023-06-23 00:35:10.601Z",1.0954,1.09545
"exness","EURUSD","2023-06-23 00:35:14.052Z",1.09539,1.09546
"exness","EURUSD","2023-06-23 00:35:14.587Z",1.09538,1.09544
"exness","EURUSD","2023-06-23 00:35:16.770Z",1.09539,1.09544
"exness","EURUSD","2023-06-23 00:35:17.988Z",1.0954,1.09545
"exness","EURUSD","2023-06-23 00:35:20.444Z",1.0954,1.09546
"exness","EURUSD","2023-06-23 00:35:21.446Z",1.09541,1.09547
"exness","EURUSD","2023-06-23 00:35:25.179Z",1.09539,1.09545
"exness","EURUSD","2023-06-23 00:35:26.300Z",1.0954,1.09545
"exness","EURUSD","2023-06-23 00:35:29.340Z",1.09541,1.09546
"exness","EURUSD","2023-06-23 00:35:30.402Z",1.0954,1.09546
"exness","EURUSD","2023-06-23 00:35:37.537Z",1.09538,1.09545
"exness","EURUSD","2023-06-23 00:35:38.978Z",1.09538,1.09544
"exness","EURUSD","2023-06-23 00:35:49.498Z",1.09539,1.09545
"exness","EURUSD","2023-06-23 00:35:51.697Z",1.09538,1.09545
"exness","EURUSD","2023-06-23 00:35:52.531Z",1.0954,1.09545
"exness","EURUSD","2023-06-23 00:35:53.558Z",1.09539,1.09545
"exness","EURUSD","2023-06-23 00:35:57.678Z",1.09538,1.09545
"exness","EURUSD","2023-06-23 00:36:00.683Z",1.09539,1.09544
"exness","EURUSD","2023-06-23 00:36:00.969Z",1.09537,1.09544
"exness","EURUSD","2023-06-23 00:36:01.001Z",1.09535,1.09542
"exness","EURUSD","2023-06-23 00:36:01.046Z",1.09534,1.0954
"exness","EURUSD","2023-06-23 00:36:02.013Z",1.09534,1.09539
"exness","EURUSD","2023-06-23 00:36:04.042Z",1.09534,1.0954
"exness","EURUSD","2023-06-23 00:36:04.469Z",1.09535,1.09542
"exness","EURUSD","2023-06-23 00:36:05.525Z",1.09536,1.09543
"exness","EURUSD","2023-06-23 00:36:08.423Z",1.09538,1.09544
"exness","EURUSD","2023-06-23 00:36:09.741Z",1.09538,1.09545
"exness","EURUSD","2023-06-23 00:36:09.855Z",1.0954,1.09546
"exness","EURUSD","2023-06-23 00:36:10.779Z",1.09542,1.09547
"exness","EURUSD","2023-06-23 00:36:16.452Z",1.09542,1.09548
"exness","EURUSD","2023-06-23 00:36:17.511Z",1.09541,1.09548
"exness","EURUSD","2023-06-23 00:36:19.668Z",1.09541,1.09547
"exness","EURUSD","2023-06-23 00:36:26.974Z",1.09541,1.09548
"exness","EURUSD","2023-06-23 00:36:31.889Z",1.09542,1.09548
"exness","EURUSD","2023-06-23 00:36:40.756Z",1.09541,1.09548
"exness","EURUSD","2023-06-23 00:36:41.832Z",1.09541,1.09547
"exness","EURUSD","2023-06-23 00:36:47.374Z",1.09542,1.09548
"exness","EURUSD","2023-06-23 00:36:48.925Z",1.09543,1.09548
"exness","EURUSD","2023-06-23 00:36:50.972Z",1.09542,1.09548
"exness","EURUSD","2023-06-23 00:37:02.219Z",1.09541,1.09548
"exness","EURUSD","2023-06-23 00:37:04.521Z",1.09543,1.09548
"exness","EURUSD","2023-06-23 00:37:05.771Z",1.09541,1.09547
"exness","EURUSD","2023-06-23 00:37:10.752Z",1.0954,1.09547
"exness","EURUSD","2023-06-23 00:37:12.724Z",1.09542,1.09548
"exness","EURUSD","2023-06-23 00:37:13.062Z",1.09544,1.0955
"exness","EURUSD","2023-06-23 00:37:14.177Z",1.09545,1.0955
"exness","EURUSD","2023-06-23 00:37:16.721Z",1.09544,1.0955
"exness","EURUSD","2023-06-23 00:37:27.807Z",1.09545,1.09551
"exness","EURUSD","2023-06-23 00:37:28.828Z",1.09546,1.09551
"exness","EURUSD","2023-06-23 00:37:29.925Z",1.09545,1.0955
"exness","EURUSD","2023-06-23 00:37:32.731Z",1.09545,1.09551
"exness","EURUSD","2023-06-23 00:37:34.119Z",1.09544,1.09551
"exness","EURUSD","2023-06-23 00:37:55.606Z",1.09545,1.09551
"exness","EURUSD","2023-06-23 00:37:57.346Z",1.09544,1.09551
"exness","EURUSD","2023-06-23 00:37:59.037Z",1.09544,1.0955
"exness","EURUSD","2023-06-23 00:38:01.205Z",1.09545,1.09551
"exness","EURUSD","2023-06-23 00:38:03.297Z",1.09545,1.0955
"exness","EURUSD","2023-06-23 00:38:04.732Z",1.09544,1.0955
"exness","EURUSD","2023-06-23 00:38:10.282Z",1.09544,1.09549
"exness","EURUSD","2023-06-23 00:38:12.535Z",1.09543,1.09549
"exness","EURUSD","2023-06-23 00:38:13.730Z",1.09544,1.09549
"exness","EURUSD","2023-06-23 00:38:19.339Z",1.09543,1.09549
"exness","EURUSD","2023-06-23 00:38:35.615Z",1.09543,1.0955
"exness","EURUSD","2023-06-23 00:38:38.135Z",1.09544,1.0955
"exness","EURUSD","2023-06-23 00:38:41.973Z",1.09543,1.09549
"exness","EURUSD","2023-06-23 00:38:42.376Z",1.09541,1.09548
"exness","EURUSD","2023-06-23 00:38:42.417Z",1.0954,1.09546
"exness","EURUSD","2023-06-23 00:38:43.166Z",1.09539,1.09544
"exness","EURUSD","2023-06-23 00:38:45.603Z",1.09539,1.09545
"exness","EURUSD","2023-06-23 00:38:50.631Z",1.09538,1.09545
"exness","EURUSD","2023-06-23 00:38:50.689Z",1.09537,1.09543
"exness","EURUSD","2023-06-23 00:38:50.941Z",1.09537,1.09542
"exness","EURUSD","2023-06-23 00:38:53.426Z",1.09536,1.09543
"exness","EURUSD","2023-06-23 00:38:54.805Z",1.09537,1.09543
"exness","EURUSD","2023-06-23 00:39:01.700Z",1.09536,1.09542
"exness","EURUSD","2023-06-23 00:39:07.888Z",1.09537,1.09543
"exness","EURUSD","2023-06-23 00:39:09.193Z",1.09537,1.09542
"exness","EURUSD","2023-06-23 00:39:12.589Z",1.09538,1.09544
"exness","EURUSD","2023-06-23 00:39:12.713Z",1.09539,1.09545
"exness","EURUSD","2023-06-23 00:39:13.315Z",1.09541,1.09547
"exness","EURUSD","2023-06-23 00:39:14.342Z",1.09542,1.09547
"exness","EURUSD","2023-06-23 00:39:20.285Z",1.09541,1.09546
"exness","EURUSD","2023-06-23 00:39:24.602Z",1.09541,1.09547
"exness","EURUSD","2023-06-23 00:39:31.905Z",1.09542,1.09548
"exness","EURUSD","2023-06-23 00:39:33.136Z",1.09541,1.09548
"exness","EURUSD","2023-06-23 00:39:34.688Z",1.09542,1.09548
"exness","EURUSD","2023-06-23 00:39:46.856Z",1.0954,1.09547
"exness","EURUSD","2023-06-23 00:39:48.564Z",1.09541,1.09547
"exness","EURUSD","2023-06-23 00:39:52.066Z",1.09542,1.09547
"exness","EURUSD","2023-06-23 00:39:54.894Z",1.0954,1.09546
"exness","EURUSD","2023-06-23 00:39:55.900Z",1.09539,1.09546
"exness","EURUSD","2023-06-23 00:40:00.311Z",1.09541,1.09546
"exness","EURUSD","2023-06-23 00:40:00.380Z",1.09541,1.09547
"exness","EURUSD","2023-06-23 00:40:00.386Z",1.09543,1.09549
"exness","EURUSD","2023-06-23 00:40:05.795Z",1.09542,1.09548
"exness","EURUSD","2023-06-23 00:40:08.770Z",1.09542,1.09549
"exness","EURUSD","2023-06-23 00:40:12.285Z",1.09542,1.09548
"exness","EURUSD","2023-06-23 00:40:38.623Z",1.09541,1.09547
"exness","EURUSD","2023-06-23 00:40:40.578Z",1.09539,1.09545
"exness","EURUSD","2023-06-23 00:40:40.688Z",1.09538,1.09544
"exness","EURUSD","2023-06-23 00:40:43.304Z",1.09538,1.09543
"exness","EURUSD","2023-06-23 00:40:45.689Z",1.09537,1.09544
"exness","EURUSD","2023-06-23 00:40:48.448Z",1.09537,1.09543
"exness","EURUSD","2023-06-23 00:41:07.962Z",1.09535,1.09542
"exness","EURUSD","2023-06-23 00:41:09.517Z",1.09536,1.09542
"exness","EURUSD","2023-06-23 00:41:10.503Z",1.09538,1.09543
"exness","EURUSD","2023-06-23 00:41:12.520Z",1.09537,1.09543
"exness","EURUSD","2023-06-23 00:41:13.642Z",1.09537,1.09544
"exness","EURUSD","2023-06-23 00:41:15.506Z",1.09538,1.09545
"exness","EURUSD","2023-06-23 00:41:17.038Z",1.09538,1.09544
"exness","EURUSD","2023-06-23 00:41:19.662Z",1.09538,1.09543
"exness","EURUSD","2023-06-23 00:41:21.288Z",1.09537,1.09543
"exness","EURUSD","2023-06-23 00:41:23.073Z",1.09538,1.09543
"exness","EURUSD","2023-06-23 00:41:26.372Z",1.09538,1.09544
"exness","EURUSD","2023-06-23 00:41:36.071Z",1.09537,1.09543
"exness","EURUSD","2023-06-23 00:42:05.542Z",1.09538,1.09544
"exness","EURUSD","2023-06-23 00:42:17.674Z",1.09538,1.09545
"exness","EURUSD","2023-06-23 00:42:25.345Z",1.09539,1.09544
"exness","EURUSD","2023-06-23 00:42:33.677Z",1.09539,1.09545
"exness","EURUSD","2023-06-23 00:42:40.136Z",1.09537,1.09544
"exness","EURUSD","2023-06-23 00:42:44.005Z",1.09538,1.09543
"exness","EURUSD","2023-06-23 00:42:48.387Z",1.09537,1.09543
"exness","EURUSD","2023-06-23 00:42:48.423Z",1.09536,1.09542
"exness","EURUSD","2023-06-23 00:42:49.797Z",1.09534,1.0954
"exness","EURUSD","2023-06-23 00:42:50.220Z",1.09536,1.09542
"exness","EURUSD","2023-06-23 00:42:51.244Z",1.09537,1.09543
"exness","EURUSD","2023-06-23 00:43:00.189Z",1.09537,1.09544
"exness","EURUSD","2023-06-23 00:43:01.347Z",1.09538,1.09544
"exness","EURUSD","2023-06-23 00:43:01.896Z",1.09536,1.09542
"exness","EURUSD","2023-06-23 00:43:03.995Z",1.09537,1.09542
"exness","EURUSD","2023-06-23 00:43:09.421Z",1.09536,1.09542
"exness","EURUSD","2023-06-23 00:43:10.430Z",1.09536,1.09543
"exness","EURUSD","2023-06-23 00:43:13.504Z",1.09537,1.09543
"exness","EURUSD","2023-06-23 00:43:23.540Z",1.09538,1.09544
"exness","EURUSD","2023-06-23 00:43:25.265Z",1.09537,1.09544
"exness","EURUSD","2023-06-23 00:43:26.399Z",1.09537,1.09543
"exness","EURUSD","2023-06-23 00:43:27.503Z",1.09538,1.09543
"exness","EURUSD","2023-06-23 00:43:27.730Z",1.09538,1.09545
"exness","EURUSD","2023-06-23 00:43:32.329Z",1.09537,1.09543
"exness","EURUSD","2023-06-23 00:43:37.239Z",1.09537,1.09542
"exness","EURUSD","2023-06-23 00:43:38.276Z",1.09537,1.09543
"exness","EURUSD","2023-06-23 00:43:40.347Z",1.09536,1.09543
"exness","EURUSD","2023-06-23 00:43:54.845Z",1.09537,1.09543
"exness","EURUSD","2023-06-23 00:44:16.511Z",1.09537,1.09544
"exness","EURUSD","2023-06-23 00:44:17.541Z",1.09538,1.09543
"exness","EURUSD","2023-06-23 00:44:18.718Z",1.09537,1.09544
"exness","EURUSD","2023-06-23 00:44:19.849Z",1.09537,1.09543
"exness","EURUSD","2023-06-23 00:44:31.847Z",1.09537,1.09542
"exness","EURUSD","2023-06-23 00:44:36.344Z",1.09537,1.09543
"exness","EURUSD","2023-06-23 00:44:47.815Z",1.09537,1.09542
"exness","EURUSD","2023-06-23 00:44:52.807Z",1.09536,1.09542
"exness","EURUSD","2023-06-23 00:44:53.584Z",1.09534,1.0954
"exness","EURUSD","2023-06-23 00:45:00.651Z",1.09534,1.09539
"exness","EURUSD","2023-06-23 00:45:05.542Z",1.09534,1.0954
"exness","EURUSD","2023-06-23 00:45:21.776Z",1.09535,1.09542
"exness","EURUSD","2023-06-23 00:45:21.925Z",1.09537,1.09543
"exness","EURUSD","2023-06-23 00:45:21.973Z",1.09538,1.09545
"exness","EURUSD","2023-06-23 00:45:23.097Z",1.09539,1.09545
"exness","EURUSD","2023-06-23 00:45:24.193Z",1.09538,1.09545
"exness","EURUSD","2023-06-23 00:45:25.258Z",1.09538,1.09544
"exness","EURUSD","2023-06-23 00:45:27.504Z",1.09538,1.09545
"exness","EURUSD","2023-06-23 00:45:30.184Z",1.09538,1.09544
"exness","EURUSD","2023-06-23 00:45:33.621Z",1.09537,1.09544
"exness","EURUSD","2023-06-23 00:45:35.118Z",1.09536,1.09542
"exness","EURUSD","2023-06-23 00:45:35.935Z",1.09534,1.0954
"exness","EURUSD","2023-06-23 00:45:49.893Z",1.09533,1.0954
"exness","EURUSD","2023-06-23 00:45:50.072Z",1.09532,1.09538
"exness","EURUSD","2023-06-23 00:45:50.481Z",1.0953,1.09536
"exness","EURUSD","2023-06-23 00:45:52.241Z",1.09531,1.09536
"exness","EURUSD","2023-06-23 00:45:53.749Z",1.0953,1.09536
"exness","EURUSD","2023-06-23 00:46:04.501Z",1.09531,1.09537
"exness","EURUSD","2023-06-23 00:46:05.528Z",1.09531,1.09538
"exness","EURUSD","2023-06-23 00:46:13.191Z",1.0953,1.09536
"exness","EURUSD","2023-06-23 00:46:14.229Z",1.09531,1.09537
"exness","EURUSD","2023-06-23 00:46:17.063Z",1.0953,1.09535
"exness","EURUSD","2023-06-23 00:46:20.121Z",1.09529,1.09536
"exness","EURUSD","2023-06-23 00:46:21.032Z",1.09528,1.09534
"exness","EURUSD","2023-06-23 00:46:24.048Z",1.09529,1.09534
"exness","EURUSD","2023-06-23 00:46:30.433Z",1.09529,1.09535
"exness","EURUSD","2023-06-23 00:46:30.449Z",1.09527,1.09533
"exness","EURUSD","2023-06-23 00:46:31.637Z",1.09528,1.09534
"exness","EURUSD","2023-06-23 00:46:33.387Z",1.09529,1.09534
"exness","EURUSD","2023-06-23 00:46:46.578Z",1.09528,1.09535
"exness","EURUSD","2023-06-23 00:46:46.615Z",1.0953,1.09536
"exness","EURUSD","2023-06-23 00:46:47.739Z",1.09531,1.09537
"exness","EURUSD","2023-06-23 00:46:54.966Z",1.0953,1.09535
"exness","EURUSD","2023-06-23 00:47:00.594Z",1.0953,1.09536
"exness","EURUSD","2023-06-23 00:47:02.052Z",1.09531,1.09536
"exness","EURUSD","2023-06-23 00:47:03.215Z",1.0953,1.09537
"exness","EURUSD","2023-06-23 00:47:05.727Z",1.09531,1.09537
"exness","EURUSD","2023-06-23 00:47:06.749Z",1.09531,1.09538
"exness","EURUSD","2023-06-23 00:47:09.852Z",1.09532,1.09538
"exness","EURUSD","2023-06-23 00:47:13.626Z",1.09533,1.09539
"exness","EURUSD","2023-06-23 00:47:20.063Z",1.09534,1.0954
"exness","EURUSD","2023-06-23 00:47:22.903Z",1.09534,1.09539
"exness","EURUSD","2023-06-23 00:47:24.760Z",1.09535,1.0954
"exness","EURUSD","2023-06-23 00:47:28.543Z",1.09534,1.0954
"exness","EURUSD","2023-06-23 00:47:39.490Z",1.09535,1.0954
"exness","EURUSD","2023-06-23 00:47:56.361Z",1.09534,1.0954
"exness","EURUSD","2023-06-23 00:48:00.119Z",1.09533,1.0954
"exness","EURUSD","2023-06-23 00:48:01.679Z",1.09535,1.0954
"exness","EURUSD","2023-06-23 00:48:03.038Z",1.09534,1.0954
"exness","EURUSD","2023-06-23 00:48:04.555Z",1.09535,1.09541
"exness","EURUSD","2023-06-23 00:48:05.034Z",1.09537,1.09543
"exness","EURUSD","2023-06-23 00:48:06.214Z",1.09538,1.09543
"exness","EURUSD","2023-06-23 00:48:08.515Z",1.09537,1.09543
"exness","EURUSD","2023-06-23 00:48:09.520Z",1.09536,1.09542
"exness","EURUSD","2023-06-23 00:48:10.074Z",1.09537,1.09543
"exness","EURUSD","2023-06-23 00:48:11.087Z",1.09538,1.09544
"exness","EURUSD","2023-06-23 00:48:13.873Z",1.09539,1.09544
"exness","EURUSD","2023-06-23 00:48:15.346Z",1.0954,1.09546
"exness","EURUSD","2023-06-23 00:48:15.531Z",1.09541,1.09548
"exness","EURUSD","2023-06-23 00:48:16.753Z",1.09542,1.09547
"exness","EURUSD","2023-06-23 00:48:17.016Z",1.0954,1.09547
"exness","EURUSD","2023-06-23 00:48:17.160Z",1.09539,1.09545
"exness","EURUSD","2023-06-23 00:48:18.210Z",1.09539,1.09544
"exness","EURUSD","2023-06-23 00:48:18.323Z",1.0954,1.09546
"exness","EURUSD","2023-06-23 00:48:19.506Z",1.09541,1.09546
"exness","EURUSD","2023-06-23 00:48:19.602Z",1.09541,1.09548
"exness","EURUSD","2023-06-23 00:48:19.803Z",1.09543,1.09548
"exness","EURUSD","2023-06-23 00:48:26.015Z",1.09543,1.09549
"exness","EURUSD","2023-06-23 00:48:29.626Z",1.09543,1.0955
"exness","EURUSD","2023-06-23 00:48:47.881Z",1.09544,1.0955
"exness","EURUSD","2023-06-23 00:48:50.413Z",1.09543,1.0955
"exness","EURUSD","2023-06-23 00:49:01.380Z",1.09545,1.09551
"exness","EURUSD","2023-06-23 00:49:02.429Z",1.09546,1.09552
"exness","EURUSD","2023-06-23 00:49:03.108Z",1.09546,1.09551
"exness","EURUSD","2023-06-23 00:49:10.229Z",1.09544,1.0955
"exness","EURUSD","2023-06-23 00:49:11.898Z",1.09543,1.0955
"exness","EURUSD","2023-06-23 00:49:19.911Z",1.09544,1.09549
"exness","EURUSD","2023-06-23 00:49:20.572Z",1.09544,1.0955
"exness","EURUSD","2023-06-23 00:49:20.610Z",1.09546,1.09552
"exness","EURUSD","2023-06-23 00:49:21.647Z",1.09547,1.09552
"exness","EURUSD","2023-06-23 00:49:22.883Z",1.09546,1.0955300000000001
"exness","EURUSD","2023-06-23 00:49:23.208Z",1.09548,1.09554
"exness","EURUSD","2023-06-23 00:49:24.233Z",1.09548,1.09555
"exness","EURUSD","2023-06-23 00:49:25.734Z",1.09549,1.09554
"exness","EURUSD","2023-06-23 00:49:27.226Z",1.09549,1.09555
"exness","EURUSD","2023-06-23 00:49:27.543Z",1.09547,1.0955300000000001
"exness","EURUSD","2023-06-23 00:49:27.717Z",1.09546,1.09551
"exness","EURUSD","2023-06-23 00:49:29.561Z",1.09545,1.09551
"exness","EURUSD","2023-06-23 00:49:39.860Z",1.09546,1.09552
"exness","EURUSD","2023-06-23 00:49:41.042Z",1.09546,1.09551
"exness","EURUSD","2023-06-23 00:49:43.785Z",1.09546,1.0955300000000001
"exness","EURUSD","2023-06-23 00:49:45.071Z",1.09546,1.09552
"exness","EURUSD","2023-06-23 00:49:50.874Z",1.09545,1.09552
"exness","EURUSD","2023-06-23 00:49:52.076Z",1.09546,1.09551
"exness","EURUSD","2023-06-23 00:50:00.711Z",1.09546,1.09552
"exness","EURUSD","2023-06-23 00:50:05.200Z",1.09546,1.0955300000000001
"exness","EURUSD","2023-06-23 00:50:06.155Z",1.09548,1.09554
"exness","EURUSD","2023-06-23 00:50:06.183Z",1.09549,1.09556
"exness","EURUSD","2023-06-23 00:50:06.423Z",1.09551,1.09556
"exness","EURUSD","2023-06-23 00:50:06.673Z",1.09552,1.09558
"exness","EURUSD","2023-06-23 00:50:07.578Z",1.0955,1.09556
"exness","EURUSD","2023-06-23 00:50:08.641Z",1.09549,1.09555
"exness","EURUSD","2023-06-23 00:50:09.575Z",1.09548,1.09554
"exness","EURUSD","2023-06-23 00:50:09.701Z",1.09546,1.09552
"exness","EURUSD","2023-06-23 00:50:10.240Z",1.09546,1.09551
"exness","EURUSD","2023-06-23 00:50:11.605Z",1.09544,1.09551
"exness","EURUSD","2023-06-23 00:50:14.841Z",1.09545,1.09551
"exness","EURUSD","2023-06-23 00:50:18.116Z",1.09544,1.0955
"exness","EURUSD","2023-06-23 00:50:24.063Z",1.09543,1.0955
"exness","EURUSD","2023-06-23 00:50:25.124Z",1.09543,1.09549
"exness","EURUSD","2023-06-23 00:50:26.175Z",1.09544,1.0955
"exness","EURUSD","2023-06-23 00:50:27.177Z",1.09544,1.09551
"exness","EURUSD","2023-06-23 00:50:29.667Z",1.09545,1.09551
"exness","EURUSD","2023-06-23 00:50:29.699Z",1.09547,1.0955300000000001
"exness","EURUSD","2023-06-23 00:50:29.705Z",1.09548,1.09555
"exness","EURUSD","2023-06-23 00:50:29.775Z",1.0955,1.09556
"exness","EURUSD","2023-06-23 00:50:29.877Z",1.09551,1.09556
"exness","EURUSD","2023-06-23 00:50:30.395Z",1.09552,1.09558
"exness","EURUSD","2023-06-23 00:50:36.335Z",1.09551,1.09557
"exness","EURUSD","2023-06-23 00:50:36.738Z",1.09552,1.09557
"exness","EURUSD","2023-06-23 00:50:37.848Z",1.09552,1.09558
"exness","EURUSD","2023-06-23 00:50:39.826Z",1.09552,1.09559
"exness","EURUSD","2023-06-23 00:50:40.976Z",1.0955300000000001,1.09559
"exness","EURUSD","2023-06-23 00:50:44.702Z",1.09551,1.09558
"exness","EURUSD","2023-06-23 00:50:45.918Z",1.09552,1.09557
"exness","EURUSD","2023-06-23 00:50:50.747Z",1.09552,1.09558
"exness","EURUSD","2023-06-23 00:50:53.129Z",1.09552,1.09559
"exness","EURUSD","2023-06-23 00:50:57.235Z",1.0955300000000001,1.09558
"exness","EURUSD","2023-06-23 00:51:01.775Z",1.09551,1.09558
"exness","EURUSD","2023-06-23 00:51:02.059Z",1.09551,1.09556
"exness","EURUSD","2023-06-23 00:51:04.062Z",1.0955,1.09557
"exness","EURUSD","2023-06-23 00:51:05.741Z",1.0955,1.09556
"exness","EURUSD","2023-06-23 00:51:06.428Z",1.09549,1.09555
"exness","EURUSD","2023-06-23 00:51:07.458Z",1.09548,1.09554
"exness","EURUSD","2023-06-23 00:51:07.476Z",1.09546,1.0955300000000001
"exness","EURUSD","2023-06-23 00:51:07.509Z",1.09545,1.09551
"exness","EURUSD","2023-06-23 00:51:08.713Z",1.09544,1.0955
"exness","EURUSD","2023-06-23 00:51:13.678Z",1.09544,1.09549
"exness","EURUSD","2023-06-23 00:51:15.105Z",1.09544,1.0955
"exness","EURUSD","2023-06-23 00:51:17.281Z",1.09545,1.0955
"exness","EURUSD","2023-06-23 00:51:17.469Z",1.09545,1.09551
"exness","EURUSD","2023-06-23 00:51:23.828Z",1.09546,1.09551
"exness","EURUSD","2023-06-23 00:51:27.591Z",1.09545,1.09552
"exness","EURUSD","2023-06-23 00:51:29.301Z",1.09545,1.09551
"exness","EURUSD","2023-06-23 00:51:33.096Z",1.09547,1.0955300000000001
"exness","EURUSD","2023-06-23 00:51:34.339Z",1.09546,1.09551
"exness","EURUSD","2023-06-23 00:51:35.339Z",1.09545,1.0955
"exness","EURUSD","2023-06-23 00:51:38.290Z",1.09545,1.09551
"exness","EURUSD","2023-06-23 00:51:39.310Z",1.09544,1.0955
"exness","EURUSD","2023-06-23 00:51:44.372Z",1.09543,1.0955
"exness","EURUSD","2023-06-23 00:51:47.210Z",1.09545,1.09551
"exness","EURUSD","2023-06-23 00:51:48.351Z",1.09545,1.0955
"exness","EURUSD","2023-06-23 00:51:51.184Z",1.09544,1.0955
"exness","EURUSD","2023-06-23 00:51:53.409Z",1.09545,1.09551
"exness","EURUSD","2023-06-23 00:51:54.422Z",1.09545,1.09552
"exness","EURUSD","2023-06-23 00:51:56.945Z",1.09546,1.09552
"exness","EURUSD","2023-06-23 00:51:57.947Z",1.09546,1.09551
"exness","EURUSD","2023-06-23 00:52:00.694Z",1.09546,1.09552
"exness","EURUSD","2023-06-23 00:52:04.379Z",1.09544,1.0955
"exness","EURUSD","2023-06-23 00:52:05.406Z",1.09545,1.09551
"exness","EURUSD","2023-06-23 00:52:06.687Z",1.09544,1.09551
"exness","EURUSD","2023-06-23 00:52:08.196Z",1.09545,1.09551
"exness","EURUSD","2023-06-23 00:52:17.208Z",1.09544,1.0955
"exness","EURUSD","2023-06-23 00:52:21.457Z",1.09544,1.09551
"exness","EURUSD","2023-06-23 00:52:22.749Z",1.09544,1.0955
"exness","EURUSD","2023-06-23 00:52:23.826Z",1.09545,1.0955
"exness","EURUSD","2023-06-23 00:52:25.313Z",1.09544,1.0955
"exness","EURUSD","2023-06-23 00:52:28.039Z",1.09542,1.09548
"exness","EURUSD","2023-06-23 00:52:28.067Z",1.09541,1.09547
"exness","EURUSD","2023-06-23 00:52:30.229Z",1.0954,1.09546
"exness","EURUSD","2023-06-23 00:52:32.886Z",1.09541,1.09546
"exness","EURUSD","2023-06-23 00:52:36.569Z",1.09542,1.09547
"exness","EURUSD","2023-06-23 00:52:40.830Z",1.09541,1.09547
"exness","EURUSD","2023-06-23 00:52:43.544Z",1.09542,1.09548
"exness","EURUSD","2023-06-23 00:52:48.989Z",1.09542,1.09549
"exness","EURUSD","2023-06-23 00:52:50.596Z",1.09543,1.09549
"exness","EURUSD","2023-06-23 00:52:50.908Z",1.09544,1.0955
"exness","EURUSD","2023-06-23 00:52:52.467Z",1.09544,1.09549
"exness","EURUSD","2023-06-23 00:52:52.524Z",1.09545,1.09551
"exness","EURUSD","2023-06-23 00:52:55.772Z",1.09543,1.0955
"exness","EURUSD","2023-06-23 00:52:56.267Z",1.09545,1.0955
"exness","EURUSD","2023-06-23 00:52:58.041Z",1.09545,1.09552
"exness","EURUSD","2023-06-23 00:53:00.070Z",1.09547,1.0955300000000001
"exness","EURUSD","2023-06-23 00:53:00.077Z",1.09548,1.0955300000000001
"exness","EURUSD","2023-06-23 00:53:00.107Z",1.09548,1.09555
"exness","EURUSD","2023-06-23 00:53:01.143Z",1.09549,1.09554
"exness","EURUSD","2023-06-23 00:53:01.752Z",1.09547,1.0955300000000001
"exness","EURUSD","2023-06-23 00:53:01.936Z",1.09546,1.09552
"exness","EURUSD","2023-06-23 00:53:03.014Z",1.09545,1.09551
"exness","EURUSD","2023-06-23 00:53:03.639Z",1.09547,1.0955300000000001
"exness","EURUSD","2023-06-23 00:53:04.653Z",1.09548,1.09554
"exness","EURUSD","2023-06-23 00:53:05.731Z",1.09549,1.09555
"exness","EURUSD","2023-06-23 00:53:08.897Z",1.09548,1.09555
"exness","EURUSD","2023-06-23 00:53:10.556Z",1.0955,1.09556
"exness","EURUSD","2023-06-23 00:53:11.417Z",1.09552,1.09557
"exness","EURUSD","2023-06-23 00:53:12.426Z",1.09551,1.09557
"exness","EURUSD","2023-06-23 00:53:12.503Z",1.09552,1.09559
"exness","EURUSD","2023-06-23 00:53:13.135Z",1.09554,1.0956
"exness","EURUSD","2023-06-23 00:53:15.262Z",1.0955300000000001,1.09559
"exness","EURUSD","2023-06-23 00:53:16.282Z",1.09554,1.0956
"exness","EURUSD","2023-06-23 00:53:16.368Z",1.09555,1.09561
"exness","EURUSD","2023-06-23 00:53:17.399Z",1.09555,1.09562
"exness","EURUSD","2023-06-23 00:53:18.183Z",1.09554,1.0956
"exness","EURUSD","2023-06-23 00:53:19.245Z",1.0955300000000001,1.09559
"exness","EURUSD","2023-06-23 00:53:20.411Z",1.0955300000000001,1.09558
"exness","EURUSD","2023-06-23 00:53:21.046Z",1.09552,1.09558
"exness","EURUSD","2023-06-23 00:53:21.077Z",1.0955,1.09556
"exness","EURUSD","2023-06-23 00:53:23.153Z",1.09551,1.09557
"exness","EURUSD","2023-06-23 00:53:25.948Z",1.0955300000000001,1.09558
"exness","EURUSD","2023-06-23 00:53:26.961Z",1.09551,1.09557
"exness","EURUSD","2023-06-23 00:53:29.188Z",1.0955,1.09556
"exness","EURUSD","2023-06-23 00:53:31.302Z",1.09551,1.09556
"exness","EURUSD","2023-06-23 00:53:32.389Z",1.09551,1.09557
"exness","EURUSD","2023-06-23 00:53:33.447Z",1.09551,1.09556
"exness","EURUSD","2023-06-23 00:53:34.583Z",1.0955,1.09557
"exness","EURUSD","2023-06-23 00:53:35.918Z",1.09552,1.09558
"exness","EURUSD","2023-06-23 00:53:36.516Z",1.09551,1.09556
"exness","EURUSD","2023-06-23 00:53:38.056Z",1.09551,1.09557
"exness","EURUSD","2023-06-23 00:53:41.359Z",1.0955,1.09557
"exness","EURUSD","2023-06-23 00:53:44.418Z",1.09551,1.09557
"exness","EURUSD","2023-06-23 00:53:45.434Z",1.0955,1.09556
"exness","EURUSD","2023-06-23 00:53:49.718Z",1.09549,1.09555
"exness","EURUSD","2023-06-23 00:53:53.120Z",1.09549,1.09554
"exness","EURUSD","2023-06-23 00:53:56.416Z",1.09549,1.09555
"exness","EURUSD","2023-06-23 00:53:57.479Z",1.09547,1.0955300000000001
"exness","EURUSD","2023-06-23 00:53:57.528Z",1.09546,1.09552
"exness","EURUSD","2023-06-23 00:53:58.716Z",1.09544,1.0955
"exness","EURUSD","2023-06-23 00:54:00.104Z",1.09544,1.09549
"exness","EURUSD","2023-06-23 00:54:01.166Z",1.09544,1.0955
"exness","EURUSD","2023-06-23 00:54:02.460Z",1.09545,1.09551
"exness","EURUSD","2023-06-23 00:54:04.164Z",1.09546,1.0955300000000001
"exness","EURUSD","2023-06-23 00:54:04.180Z",1.09548,1.09554
"exness","EURUSD","2023-06-23 00:54:04.188Z",1.09549,1.09556
"exness","EURUSD","2023-06-23 00:54:04.213Z",1.09551,1.09558
"exness","EURUSD","2023-06-23 00:54:04.335Z",1.0955300000000001,1.09558
"exness","EURUSD","2023-06-23 00:54:05.648Z",1.09552,1.09559
"exness","EURUSD","2023-06-23 00:54:05.855Z",1.09554,1.0956
"exness","EURUSD","2023-06-23 00:54:07.053Z",1.09555,1.09561
"exness","EURUSD","2023-06-23 00:54:07.119Z",1.09556,1.09562
"exness","EURUSD","2023-06-23 00:54:07.186Z",1.09558,1.09564
"exness","EURUSD","2023-06-23 00:54:08.222Z",1.09558,1.09565
"exness","EURUSD","2023-06-23 00:54:08.647Z",1.0956,1.09566
"exness","EURUSD","2023-06-23 00:54:09.894Z",1.09559,1.09565
"exness","EURUSD","2023-06-23 00:54:10.866Z",1.09557,1.09564
"exness","EURUSD","2023-06-23 00:54:11.230Z",1.09556,1.09562
"exness","EURUSD","2023-06-23 00:54:12.238Z",1.09555,1.09562
"exness","EURUSD","2023-06-23 00:54:13.478Z",1.09556,1.09561
"exness","EURUSD","2023-06-23 00:54:13.654Z",1.09556,1.09563
"exness","EURUSD","2023-06-23 00:54:13.790Z",1.09558,1.09564
"exness","EURUSD","2023-06-23 00:54:17.689Z",1.09559,1.09564
"exness","EURUSD","2023-06-23 00:54:17.699Z",1.09557,1.09563
"exness","EURUSD","2023-06-23 00:54:17.726Z",1.09555,1.09562
"exness","EURUSD","2023-06-23 00:54:18.341Z",1.09554,1.0956
"exness","EURUSD","2023-06-23 00:54:18.756Z",1.09556,1.09562
"exness","EURUSD","2023-06-23 00:54:18.770Z",1.09557,1.09564
"exness","EURUSD","2023-06-23 00:54:20.699Z",1.09559,1.09566
"exness","EURUSD","2023-06-23 00:54:20.742Z",1.09561,1.09566
"exness","EURUSD","2023-06-23 00:54:21.863Z",1.0956,1.09567
"exness","EURUSD","2023-06-23 00:54:22.914Z",1.09561,1.09567
"exness","EURUSD","2023-06-23 00:54:23.250Z",1.09562,1.09569
"exness","EURUSD","2023-06-23 00:54:23.275Z",1.09564,1.0957
"exness","EURUSD","2023-06-23 00:54:23.775Z",1.09562,1.09568
"exness","EURUSD","2023-06-23 00:54:24.097Z",1.09561,1.09567
"exness","EURUSD","2023-06-23 00:54:24.887Z",1.09562,1.09569
"exness","EURUSD","2023-06-23 00:54:24.916Z",1.09564,1.09569
"exness","EURUSD","2023-06-23 00:54:26.102Z",1.09563,1.09569
"exness","EURUSD","2023-06-23 00:54:26.157Z",1.09561,1.09567
"exness","EURUSD","2023-06-23 00:54:26.310Z",1.09561,1.09566
"exness","EURUSD","2023-06-23 00:54:27.094Z",1.09561,1.09567
"exness","EURUSD","2023-06-23 00:54:27.135Z",1.09563,1.09569
"exness","EURUSD","2023-06-23 00:54:28.183Z",1.09563,1.09568
"exness","EURUSD","2023-06-23 00:54:29.245Z",1.09563,1.09569
"exness","EURUSD","2023-06-23 00:54:29.282Z",1.09564,1.09571
"exness","EURUSD","2023-06-23 00:54:29.631Z",1.09563,1.09569
"exness","EURUSD","2023-06-23 00:54:30.034Z",1.09563,1.09568
"exness","EURUSD","2023-06-23 00:54:30.633Z",1.09563,1.09569
"exness","EURUSD","2023-06-23 00:54:30.738Z",1.09565,1.09571
"exness","EURUSD","2023-06-23 00:54:31.860Z",1.09566,1.09571
"exness","EURUSD","2023-06-23 00:54:32.565Z",1.09566,1.09573
"exness","EURUSD","2023-06-23 00:54:33.034Z",1.09568,1.09573
"exness","EURUSD","2023-06-23 00:54:34.383Z",1.09569,1.09575
"exness","EURUSD","2023-06-23 00:54:34.395Z",1.09571,1.09577
"exness","EURUSD","2023-06-23 00:54:34.448Z",1.09569,1.09575
"exness","EURUSD","2023-06-23 00:54:34.530Z",1.09567,1.09574
"exness","EURUSD","2023-06-23 00:54:34.668Z",1.09566,1.09572
"exness","EURUSD","2023-06-23 00:54:34.730Z",1.09564,1.0957
"exness","EURUSD","2023-06-23 00:54:36.158Z",1.09565,1.09571
"exness","EURUSD","2023-06-23 00:54:36.416Z",1.09567,1.09573
"exness","EURUSD","2023-06-23 00:54:36.687Z",1.09565,1.09571
"exness","EURUSD","2023-06-23 00:54:36.741Z",1.09565,1.0957
"exness","EURUSD","2023-06-23 00:54:36.792Z",1.09563,1.09569
"exness","EURUSD","2023-06-23 00:54:37.031Z",1.09561,1.09568
"exness","EURUSD","2023-06-23 00:54:37.096Z",1.0956,1.09566
"exness","EURUSD","2023-06-23 00:54:38.201Z",1.09559,1.09565
"exness","EURUSD","2023-06-23 00:54:39.252Z",1.0956,1.09566
"exness","EURUSD","2023-06-23 00:54:40.289Z",1.09561,1.09568
"exness","EURUSD","2023-06-23 00:54:40.507Z",1.0956,1.09566
"exness","EURUSD","2023-06-23 00:54:43.179Z",1.09561,1.09568
"exness","EURUSD","2023-06-23 00:54:43.763Z",1.09563,1.09568
"exness","EURUSD","2023-06-23 00:54:44.771Z",1.09563,1.09569
"exness","EURUSD","2023-06-23 00:54:45.922Z",1.09564,1.0957
"exness","EURUSD","2023-06-23 00:54:46.178Z",1.09566,1.09572
"exness","EURUSD","2023-06-23 00:54:46.774Z",1.09567,1.09573
"exness","EURUSD","2023-06-23 00:54:47.206Z",1.09569,1.09574
"exness","EURUSD","2023-06-23 00:54:47.669Z",1.09569,1.09575
"exness","EURUSD","2023-06-23 00:54:47.682Z",1.09571,1.09577
"exness","EURUSD","2023-06-23 00:54:47.757Z",1.09569,1.09575
"exness","EURUSD","2023-06-23 00:54:47.850Z",1.09568,1.09574
"exness","EURUSD","2023-06-23 00:54:47.865Z",1.09566,1.09572
"exness","EURUSD","2023-06-23 00:54:48.061Z",1.09565,1.0957
"exness","EURUSD","2023-06-23 00:54:48.188Z",1.09567,1.09572
"exness","EURUSD","2023-06-23 00:54:48.834Z",1.09565,1.09571
"exness","EURUSD","2023-06-23 00:54:49.031Z",1.09567,1.09573
"exness","EURUSD","2023-06-23 00:54:49.045Z",1.09568,1.09574
"exness","EURUSD","2023-06-23 00:54:49.518Z",1.09566,1.09573
"exness","EURUSD","2023-06-23 00:54:50.596Z",1.09567,1.09573
"exness","EURUSD","2023-06-23 00:54:51.154Z",1.09568,1.09575
"exness","EURUSD","2023-06-23 00:54:51.303Z",1.0957,1.09575
"exness","EURUSD","2023-06-23 00:54:52.146Z",1.09571,1.09577
"exness","EURUSD","2023-06-23 00:54:52.157Z",1.09572,1.09578
"exness","EURUSD","2023-06-23 00:54:52.206Z",1.09571,1.09577
"exness","EURUSD","2023-06-23 00:54:52.245Z",1.09572,1.09578
"exness","EURUSD","2023-06-23 00:54:52.289Z",1.09574,1.09579
"exness","EURUSD","2023-06-23 00:54:52.315Z",1.09572,1.09578
"exness","EURUSD","2023-06-23 00:54:52.414Z",1.0957,1.09577
"exness","EURUSD","2023-06-23 00:54:52.467Z",1.0957,1.09575
"exness","EURUSD","2023-06-23 00:54:53.307Z",1.09571,1.09577
"exness","EURUSD","2023-06-23 00:54:53.322Z",1.09572,1.09579
"exness","EURUSD","2023-06-23 00:54:54.159Z",1.09572,1.09577
"exness","EURUSD","2023-06-23 00:54:54.183Z",1.0957,1.09576
"exness","EURUSD","2023-06-23 00:54:54.284Z",1.09572,1.09578
"exness","EURUSD","2023-06-23 00:54:54.322Z",1.09573,1.09578
"exness","EURUSD","2023-06-23 00:54:54.340Z",1.09571,1.09578
"exness","EURUSD","2023-06-23 00:54:56.369Z",1.09572,1.09578
"exness","EURUSD","2023-06-23 00:54:57.167Z",1.09574,1.0958
"exness","EURUSD","2023-06-23 00:54:58.371Z",1.09575,1.09582
"exness","EURUSD","2023-06-23 00:54:59.395Z",1.09576,1.09581
"exness","EURUSD","2023-06-23 00:54:59.591Z",1.09574,1.0958
"exness","EURUSD","2023-06-23 00:55:00.142Z",1.09572,1.09579
"exness","EURUSD","2023-06-23 00:55:00.198Z",1.09574,1.0958
"exness","EURUSD","2023-06-23 00:55:00.202Z",1.09576,1.09582
"exness","EURUSD","2023-06-23 00:55:00.213Z",1.09577,1.09584
"exness","EURUSD","2023-06-23 00:55:00.243Z",1.09579,1.09585
"exness","EURUSD","2023-06-23 00:55:00.256Z",1.09581,1.09587
"exness","EURUSD","2023-06-23 00:55:00.279Z",1.09583,1.09588
"exness","EURUSD","2023-06-23 00:55:00.352Z",1.09583,1.09589
"exness","EURUSD","2023-06-23 00:55:00.664Z",1.09582,1.09588
"exness","EURUSD","2023-06-23 00:55:00.681Z",1.0958,1.09586
"exness","EURUSD","2023-06-23 00:55:00.973Z",1.09579,1.09585
"exness","EURUSD","2023-06-23 00:55:01.279Z",1.0958,1.09587
"exness","EURUSD","2023-06-23 00:55:02.281Z",1.09581,1.09586
"exness","EURUSD","2023-06-23 00:55:03.033Z",1.09579,1.09586
"exness","EURUSD","2023-06-23 00:55:03.330Z",1.09578,1.09584
"exness","EURUSD","2023-06-23 00:55:03.351Z",1.09576,1.09583
"exness","EURUSD","2023-06-23 00:55:04.372Z",1.09577,1.09583
"exness","EURUSD","2023-06-23 00:55:12.366Z",1.09576,1.09582
"exness","EURUSD","2023-06-23 00:55:12.875Z",1.09574,1.0958
"exness","EURUSD","2023-06-23 00:55:13.888Z",1.09574,1.09581
"exness","EURUSD","2023-06-23 00:55:16.174Z",1.09575,1.0958
"exness","EURUSD","2023-06-23 00:55:17.848Z",1.09573,1.09579
"exness","EURUSD","2023-06-23 00:55:18.666Z",1.09572,1.09578
"exness","EURUSD","2023-06-23 00:55:18.705Z",1.0957,1.09576
"exness","EURUSD","2023-06-23 00:55:18.729Z",1.09568,1.09575
"exness","EURUSD","2023-06-23 00:55:18.804Z",1.09567,1.09573
"exness","EURUSD","2023-06-23 00:55:18.826Z",1.09565,1.09572
"exness","EURUSD","2023-06-23 00:55:19.051Z",1.09564,1.0957
"exness","EURUSD","2023-06-23 00:55:20.554Z",1.09562,1.09568
"exness","EURUSD","2023-06-23 00:55:27.411Z",1.0956,1.09566
"exness","EURUSD","2023-06-23 00:55:28.415Z",1.09559,1.09565
"exness","EURUSD","2023-06-23 00:55:29.743Z",1.09559,1.09564
"exness","EURUSD","2023-06-23 00:55:30.314Z",1.09558,1.09564
"exness","EURUSD","2023-06-23 00:55:30.331Z",1.09556,1.09562
"exness","EURUSD","2023-06-23 00:55:30.346Z",1.09554,1.09561
"exness","EURUSD","2023-06-23 00:55:30.460Z",1.09554,1.09559
"exness","EURUSD","2023-06-23 00:55:31.399Z",1.09555,1.09561
"exness","EURUSD","2023-06-23 00:55:32.893Z",1.09554,1.0956
"exness","EURUSD","2023-06-23 00:55:32.975Z",1.09552,1.09558
"exness","EURUSD","2023-06-23 00:55:34.030Z",1.0955300000000001,1.09558
"exness","EURUSD","2023-06-23 00:55:35.087Z",1.09552,1.09559
"exness","EURUSD","2023-06-23 00:55:36.126Z",1.0955300000000001,1.09559
"exness","EURUSD","2023-06-23 00:55:38.416Z",1.09551,1.09558
"exness","EURUSD","2023-06-23 00:55:39.016Z",1.0955,1.09556
"exness","EURUSD","2023-06-23 00:55:40.380Z",1.0955,1.09555
"exness","EURUSD","2023-06-23 00:55:40.428Z",1.09548,1.09554
"exness","EURUSD","2023-06-23 00:55:41.595Z",1.09547,1.0955300000000001
"exness","EURUSD","2023-06-23 00:55:42.613Z",1.09547,1.09554
"exness","EURUSD","2023-06-23 00:55:43.717Z",1.09547,1.0955300000000001
"exness","EURUSD","2023-06-23 00:55:44.262Z",1.09545,1.09552
"exness","EURUSD","2023-06-23 00:55:44.331Z",1.09544,1.0955
"exness","EURUSD","2023-06-23 00:55:45.552Z",1.09543,1.09549
"exness","EURUSD","2023-06-23 00:55:46.015Z",1.09544,1.09549
"exness","EURUSD","2023-06-23 00:55:46.308Z",1.09543,1.09549
"exness","EURUSD","2023-06-23 00:55:47.093Z",1.09543,1.09548
"exness","EURUSD","2023-06-23 00:55:50.747Z",1.09541,1.09547
"exness","EURUSD","2023-06-23 00:55:52.238Z",1.09542,1.09548
"exness","EURUSD","2023-06-23 00:55:52.323Z",1.0954,1.09546
"exness","EURUSD","2023-06-23 00:55:52.361Z",1.09539,1.09545
"exness","EURUSD","2023-06-23 00:55:52.415Z",1.09537,1.09543
"exness","EURUSD","2023-06-23 00:55:54.626Z",1.09537,1.09544
"exness","EURUSD","2023-06-23 00:55:55.735Z",1.09538,1.09543
"exness","EURUSD","2023-06-23 00:55:57.417Z",1.09539,1.09545
"exness","EURUSD","2023-06-23 00:55:57.435Z",1.0954,1.09546
"exness","EURUSD","2023-06-23 00:55:57.913Z",1.09542,1.09547
"exness","EURUSD","2023-06-23 00:55:57.956Z",1.0954,1.09547
"exness","EURUSD","2023-06-23 00:55:58.316Z",1.09539,1.09545
"exness","EURUSD","2023-06-23 00:55:59.518Z",1.0954,1.09545
"exness","EURUSD","2023-06-23 00:56:02.152Z",1.0954,1.09546
"exness","EURUSD","2023-06-23 00:56:05.360Z",1.09539,1.09546
"exness","EURUSD","2023-06-23 00:56:06.708Z",1.09541,1.09547
"exness","EURUSD","2023-06-23 00:56:06.896Z",1.09542,1.09549
"exness","EURUSD","2023-06-23 00:56:06.904Z",1.09544,1.0955
"exness","EURUSD","2023-06-23 00:56:07.091Z",1.09545,1.0955
"exness","EURUSD","2023-06-23 00:56:08.385Z",1.09546,1.09551
"exness","EURUSD","2023-06-23 00:56:10.993Z",1.09546,1.09552
"exness","EURUSD","2023-06-23 00:56:12.086Z",1.09547,1.0955300000000001
"exness","EURUSD","2023-06-23 00:56:13.061Z",1.09548,1.09554
"exness","EURUSD","2023-06-23 00:56:15.099Z",1.09548,1.0955300000000001
"exness","EURUSD","2023-06-23 00:56:19.168Z",1.09548,1.09554
"exness","EURUSD","2023-06-23 00:56:29.028Z",1.0955,1.09556
"exness","EURUSD","2023-06-23 00:56:29.096Z",1.09551,1.09557
"exness","EURUSD","2023-06-23 00:56:30.148Z",1.09552,1.09558
"exness","EURUSD","2023-06-23 00:56:31.202Z",1.0955300000000001,1.09558
"exness","EURUSD","2023-06-23 00:56:32.466Z",1.0955300000000001,1.0956
"exness","EURUSD","2023-06-23 00:56:34.404Z",1.09555,1.09561
"exness","EURUSD","2023-06-23 00:56:34.827Z",1.0955300000000001,1.0956
"exness","EURUSD","2023-06-23 00:56:35.921Z",1.09552,1.09559
"exness","EURUSD","2023-06-23 00:56:36.941Z",1.09554,1.09559
"exness","EURUSD","2023-06-23 00:56:38.330Z",1.0955300000000001,1.09559
"exness","EURUSD","2023-06-23 00:56:39.465Z",1.09552,1.09559
"exness","EURUSD","2023-06-23 00:56:40.208Z",1.09551,1.09557
"exness","EURUSD","2023-06-23 00:56:40.646Z",1.09551,1.09556
"exness","EURUSD","2023-06-23 00:56:40.832Z",1.09549,1.09555
"exness","EURUSD","2023-06-23 00:56:40.965Z",1.09547,1.09554
"exness","EURUSD","2023-06-23 00:56:42.029Z",1.09547,1.0955300000000001
"exness","EURUSD","2023-06-23 00:56:43.173Z",1.09546,1.09552
"exness","EURUSD","2023-06-23 00:56:44.246Z",1.09547,1.09552
"exness","EURUSD","2023-06-23 00:56:44.576Z",1.09547,1.0955300000000001
"exness","EURUSD","2023-06-23 00:56:44.617Z",1.09549,1.09555
"exness","EURUSD","2023-06-23 00:56:44.645Z",1.0955,1.09557
"exness","EURUSD","2023-06-23 00:56:45.662Z",1.0955,1.09556
"exness","EURUSD","2023-06-23 00:56:47.030Z",1.09549,1.09555
"exness","EURUSD","2023-06-23 00:56:48.101Z",1.09549,1.09554
"exness","EURUSD","2023-06-23 00:56:48.572Z",1.09547,1.0955300000000001
"exness","EURUSD","2023-06-23 00:56:48.809Z",1.09547,1.09552
"exness","EURUSD","2023-06-23 00:56:50.397Z",1.09547,1.0955300000000001
"exness","EURUSD","2023-06-23 00:56:52.704Z",1.09548,1.0955300000000001
"exness","EURUSD","2023-06-23 00:56:55.927Z",1.09548,1.09554
"exness","EURUSD","2023-06-23 00:56:56.953Z",1.09547,1.0955300000000001
"exness","EURUSD","2023-06-23 00:56:58.366Z",1.09547,1.09552
"exness","EURUSD","2023-06-23 00:56:59.241Z",1.09546,1.09552
"exness","EURUSD","2023-06-23 00:56:59.626Z",1.09544,1.0955
"exness","EURUSD","2023-06-23 00:57:00.470Z",1.09544,1.09549
"exness","EURUSD","2023-06-23 00:57:02.592Z",1.09543,1.09549
"exness","EURUSD","2023-06-23 00:57:03.622Z",1.09542,1.09549
"exness","EURUSD","2023-06-23 00:57:04.621Z",1.09542,1.09548
"exness","EURUSD","2023-06-23 00:57:05.661Z",1.09542,1.09549
"exness","EURUSD","2023-06-23 00:57:06.702Z",1.09543,1.09549
"exness","EURUSD","2023-06-23 00:57:10.653Z",1.09545,1.09551
"exness","EURUSD","2023-06-23 00:57:12.248Z",1.09545,1.09552
"exness","EURUSD","2023-06-23 00:57:13.865Z",1.09546,1.09551
"exness","EURUSD","2023-06-23 00:57:15.874Z",1.09545,1.0955
"exness","EURUSD","2023-06-23 00:57:18.041Z",1.09545,1.09551
"exness","EURUSD","2023-06-23 00:57:20.104Z",1.09545,1.09552
"exness","EURUSD","2023-06-23 00:57:22.750Z",1.09545,1.09551
"exness","EURUSD","2023-06-23 00:57:24.197Z",1.09546,1.09551
"exness","EURUSD","2023-06-23 00:57:24.675Z",1.09544,1.0955
"exness","EURUSD","2023-06-23 00:57:25.962Z",1.09543,1.0955
"exness","EURUSD","2023-06-23 00:57:27.090Z",1.09544,1.0955
"exness","EURUSD","2023-06-23 00:57:32.312Z",1.09545,1.09552
"exness","EURUSD","2023-06-23 00:57:32.336Z",1.09547,1.0955300000000001
"exness","EURUSD","2023-06-23 00:57:36.338Z",1.09547,1.09552
"exness","EURUSD","2023-06-23 00:57:38.060Z",1.09546,1.0955300000000001
"exness","EURUSD","2023-06-23 00:57:40.729Z",1.09546,1.09552
"exness","EURUSD","2023-06-23 00:57:45.569Z",1.09546,1.09551
"exness","EURUSD","2023-06-23 00:57:45.617Z",1.09545,1.09551
"exness","EURUSD","2023-06-23 00:57:47.688Z",1.09544,1.0955
"exness","EURUSD","2023-06-23 00:57:51.163Z",1.09544,1.09549
"exness","EURUSD","2023-06-23 00:57:55.435Z",1.09545,1.09551
"exness","EURUSD","2023-06-23 00:57:55.516Z",1.09546,1.0955300000000001
"exness","EURUSD","2023-06-23 00:57:56.735Z",1.09547,1.0955300000000001
"exness","EURUSD","2023-06-23 00:58:00.385Z",1.09548,1.0955300000000001
"exness","EURUSD","2023-06-23 00:58:02.236Z",1.09547,1.09554
"exness","EURUSD","2023-06-23 00:58:03.364Z",1.09547,1.0955300000000001
"exness","EURUSD","2023-06-23 00:58:12.627Z",1.09547,1.09554
"exness","EURUSD","2023-06-23 00:58:21.334Z",1.09548,1.09554
"exness","EURUSD","2023-06-23 00:58:22.712Z",1.09548,1.0955300000000001
"exness","EURUSD","2023-06-23 00:58:29.209Z",1.09548,1.09554
"exness","EURUSD","2023-06-23 00:58:47.875Z",1.09547,1.09554
"exness","EURUSD","2023-06-23 00:58:53.637Z",1.09548,1.09554
"exness","EURUSD","2023-06-23 00:58:56.079Z",1.09547,1.09554
"exness","EURUSD","2023-06-23 00:58:58.492Z",1.09546,1.09552
"exness","EURUSD","2023-06-23 00:58:59.079Z",1.09544,1.09551
"exness","EURUSD","2023-06-23 00:59:02.061Z",1.09545,1.0955
"exness","EURUSD","2023-06-23 00:59:03.063Z",1.09544,1.09551
"exness","EURUSD","2023-06-23 00:59:07.319Z",1.09544,1.0955
"exness","EURUSD","2023-06-23 00:59:09.512Z",1.09544,1.09551
"exness","EURUSD","2023-06-23 00:59:10.603Z",1.09545,1.09551
"exness","EURUSD","2023-06-23 00:59:14.747Z",1.09544,1.0955
"exness","EURUSD","2023-06-23 00:59:16.449Z",1.09544,1.09551
"exness","EURUSD","2023-06-23 00:59:20.952Z",1.09544,1.0955
"exness","EURUSD","2023-06-23 00:59:27.927Z",1.09544,1.09551
"exness","EURUSD","2023-06-23 00:59:30.813Z",1.09546,1.09552
"exness","EURUSD","2023-06-23 00:59:32.008Z",1.09544,1.09551
"exness","EURUSD","2023-06-23 00:59:34.311Z",1.09545,1.09551
"exness","EURUSD","2023-06-23 00:59:34.478Z",1.09546,1.0955300000000001
"exness","EURUSD","2023-06-23 00:59:35.868Z",1.09547,1.0955300000000001
"exness","EURUSD","2023-06-23 00:59:38.066Z",1.09548,1.0955300000000001
"exness","EURUSD","2023-06-23 00:59:39.168Z",1.09548,1.09554
"exness","EURUSD","2023-06-23 00:59:40.430Z",1.09547,1.0955300000000001
"exness","EURUSD","2023-06-23 00:59:44.130Z",1.09548,1.0955300000000001
"exness","EURUSD","2023-06-23 00:59:44.636Z",1.09548,1.09554
"exness","EURUSD","2023-06-23 00:59:45.353Z",1.0955,1.09555
"exness","EURUSD","2023-06-23 00:59:48.021Z",1.09549,1.09555
"exness","EURUSD","2023-06-23 01:00:01.747Z",1.09548,1.09555
"exness","EURUSD","2023-06-23 01:00:02.854Z",1.09548,1.09554
"exness","EURUSD","2023-06-23 01:00:04.124Z",1.09547,1.09554
"exness","EURUSD","2023-06-23 01:00:05.319Z",1.09548,1.0955300000000001
"exness","EURUSD","2023-06-23 01:00:09.347Z",1.09547,1.0955300000000001
"exness","EURUSD","2023-06-23 01:00:13.041Z",1.09547,1.09554
"exness","EURUSD","2023-06-23 01:00:14.663Z",1.09549,1.09555
"exness","EURUSD","2023-06-23 01:00:16.730Z",1.09549,1.09554
"exness","EURUSD","2023-06-23 01:00:16.858Z",1.0955,1.09556
"exness","EURUSD","2023-06-23 01:00:18.332Z",1.0955,1.09557
"exness","EURUSD","2023-06-23 01:00:18.436Z",1.09549,1.09555
"exness","EURUSD","2023-06-23 01:00:24.320Z",1.09548,1.09555
"exness","EURUSD","2023-06-23 01:00:29.250Z",1.09549,1.09554
"exness","EURUSD","2023-06-23 01:00:30.409Z",1.09548,1.0955300000000001
"exness","EURUSD","2023-06-23 01:00:33.078Z",1.09549,1.09555
"exness","EURUSD","2023-06-23 01:00:34.271Z",1.0955,1.09555
"exness","EURUSD","2023-06-23 01:00:38.991Z",1.09548,1.09554
"exness","EURUSD","2023-06-23 01:00:45.715Z",1.09548,1.09555
"exness","EURUSD","2023-06-23 01:00:48.354Z",1.09549,1.09554
"exness","EURUSD","2023-06-23 01:00:59.690Z",1.09548,1.09555
"exness","EURUSD","2023-06-23 01:01:00.608Z",1.0955,1.09556
"exness","EURUSD","2023-06-23 01:01:00.661Z",1.09551,1.09558
"exness","EURUSD","2023-06-23 01:01:02.006Z",1.09552,1.09557
"exness","EURUSD","2023-06-23 01:01:03.974Z",1.09552,1.09559
"exness","EURUSD","2023-06-23 01:01:04.183Z",1.09554,1.0956
"exness","EURUSD","2023-06-23 01:01:04.201Z",1.09556,1.09562
"exness","EURUSD","2023-06-23 01:01:04.265Z",1.09557,1.09562
"exness","EURUSD","2023-06-23 01:01:04.369Z",1.09558,1.09564
"exness","EURUSD","2023-06-23 01:01:07.639Z",1.09559,1.09565
"exness","EURUSD","2023-06-23 01:01:08.774Z",1.09559,1.09566
"exness","EURUSD","2023-06-23 01:01:09.935Z",1.0956,1.09566
"exness","EURUSD","2023-06-23 01:01:10.126Z",1.09558,1.09564
"exness","EURUSD","2023-06-23 01:01:10.171Z",1.09557,1.09563
"exness","EURUSD","2023-06-23 01:01:11.219Z",1.09557,1.09562
"exness","EURUSD","2023-06-23 01:01:11.521Z",1.09555,1.09561
"exness","EURUSD","2023-06-23 01:01:11.700Z",1.09555,1.0956
"exness","EURUSD","2023-06-23 01:01:12.727Z",1.09554,1.09559
"exness","EURUSD","2023-06-23 01:01:14.348Z",1.09554,1.0956
"exness","EURUSD","2023-06-23 01:01:16.365Z",1.0955300000000001,1.09559
"exness","EURUSD","2023-06-23 01:01:16.936Z",1.09552,1.09558
"exness","EURUSD","2023-06-23 01:01:17.987Z",1.0955,1.09557
"exness","EURUSD","2023-06-23 01:01:20.867Z",1.09551,1.09556
"exness","EURUSD","2023-06-23 01:01:22.880Z",1.0955,1.09555
