"Exness","Symbol","Timestamp","Bid","Ask"
"exness","EURUSD","2023-06-01 00:00:01.576Z",1.06933,1.06939
"exness","EURUSD","2023-06-01 00:00:18.297Z",1.06934,1.0694
"exness","EURUSD","2023-06-01 00:00:18.311Z",1.06935,1.06942
"exness","EURUSD","2023-06-01 00:00:18.324Z",1.06937,1.06944
"exness","EURUSD","2023-06-01 00:00:18.341Z",1.06939,1.06944
"exness","EURUSD","2023-06-01 00:00:22.370Z",1.0694,1.06946
"exness","EURUSD","2023-06-01 00:00:28.363Z",1.06938,1.06944
"exness","EURUSD","2023-06-01 00:00:31.814Z",1.06936,1.06942
"exness","EURUSD","2023-06-01 00:00:32.773Z",1.06934,1.06941
"exness","EURUSD","2023-06-01 00:00:36.815Z",1.06934,1.06939
"exness","EURUSD","2023-06-01 00:00:36.827Z",1.06932,1.06939
"exness","EURUSD","2023-06-01 00:00:37.853Z",1.06931,1.06937
"exness","EURUSD","2023-06-01 00:00:40.858Z",1.06933,1.0694
"exness","EURUSD","2023-06-01 00:00:40.895Z",1.06933,1.06938
"exness","EURUSD","2023-06-01 00:00:49.930Z",1.06931,1.06937
"exness","EURUSD","2023-06-01 00:00:49.949Z",1.06929,1.06935
"exness","EURUSD","2023-06-01 00:00:49.982Z",1.06927,1.06934
"exness","EURUSD","2023-06-01 00:00:50.054Z",1.06926,1.06932
"exness","EURUSD","2023-06-01 00:00:50.076Z",1.06924,1.06931
"exness","EURUSD","2023-06-01 00:00:50.139Z",1.06923,1.06929
"exness","EURUSD","2023-06-01 00:00:50.170Z",1.06921,1.06927
"exness","EURUSD","2023-06-01 00:00:50.188Z",1.06919,1.06926
"exness","EURUSD","2023-06-01 00:00:50.214Z",1.06917,1.06923
"exness","EURUSD","2023-06-01 00:00:50.222Z",1.06915,1.06921
"exness","EURUSD","2023-06-01 00:00:50.263Z",1.06917,1.06922
"exness","EURUSD","2023-06-01 00:00:50.285Z",1.06915,1.0692
"exness","EURUSD","2023-06-01 00:00:50.313Z",1.06916,1.06922
"exness","EURUSD","2023-06-01 00:00:52.569Z",1.06917,1.06923
"exness","EURUSD","2023-06-01 00:01:00.224Z",1.06916,1.06922
"exness","EURUSD","2023-06-01 00:01:00.229Z",1.06914,1.0692
"exness","EURUSD","2023-06-01 00:01:00.289Z",1.06912,1.06919
"exness","EURUSD","2023-06-01 00:01:08.440Z",1.06911,1.06917
"exness","EURUSD","2023-06-01 00:01:09.993Z",1.06913,1.0692
"exness","EURUSD","2023-06-01 00:01:10.034Z",1.06915,1.06921
"exness","EURUSD","2023-06-01 00:01:10.167Z",1.06917,1.06922
"exness","EURUSD","2023-06-01 00:01:11.853Z",1.06918,1.06924
"exness","EURUSD","2023-06-01 00:01:12.748Z",1.06918,1.06923
"exness","EURUSD","2023-06-01 00:01:17.830Z",1.06915,1.06922
"exness","EURUSD","2023-06-01 00:01:17.965Z",1.06915,1.0692
"exness","EURUSD","2023-06-01 00:01:18.102Z",1.06913,1.06919
"exness","EURUSD","2023-06-01 00:01:18.413Z",1.06913,1.06918
"exness","EURUSD","2023-06-01 00:01:26.639Z",1.0691,1.06916
"exness","EURUSD","2023-06-01 00:01:26.714Z",1.06909,1.06915
"exness","EURUSD","2023-06-01 00:01:27.871Z",1.06908,1.06913
"exness","EURUSD","2023-06-01 00:01:28.529Z",1.06908,1.06914
"exness","EURUSD","2023-06-01 00:01:28.713Z",1.0691,1.06915
"exness","EURUSD","2023-06-01 00:01:29.257Z",1.06908,1.06914
"exness","EURUSD","2023-06-01 00:01:30.134Z",1.06908,1.06913
"exness","EURUSD","2023-06-01 00:01:32.912Z",1.06908,1.06915
"exness","EURUSD","2023-06-01 00:01:32.924Z",1.0691,1.06916
"exness","EURUSD","2023-06-01 00:01:32.977Z",1.06911,1.06918
"exness","EURUSD","2023-06-01 00:01:33.989Z",1.06913,1.06918
"exness","EURUSD","2023-06-01 00:01:37.246Z",1.06913,1.06919
"exness","EURUSD","2023-06-01 00:01:37.862Z",1.06915,1.0692
"exness","EURUSD","2023-06-01 00:01:44.037Z",1.06915,1.06922
"exness","EURUSD","2023-06-01 00:01:44.250Z",1.06917,1.06922
"exness","EURUSD","2023-06-01 00:01:51.143Z",1.06915,1.06921
"exness","EURUSD","2023-06-01 00:01:51.165Z",1.06915,1.0692
"exness","EURUSD","2023-06-01 00:01:51.277Z",1.06913,1.06919
"exness","EURUSD","2023-06-01 00:01:56.027Z",1.06914,1.06921
"exness","EURUSD","2023-06-01 00:01:57.569Z",1.06916,1.06921
"exness","EURUSD","2023-06-01 00:01:57.647Z",1.06916,1.06923
"exness","EURUSD","2023-06-01 00:01:59.104Z",1.06918,1.06923
"exness","EURUSD","2023-06-01 00:02:00.324Z",1.06918,1.06924
"exness","EURUSD","2023-06-01 00:02:00.348Z",1.0692,1.06926
"exness","EURUSD","2023-06-01 00:02:00.390Z",1.06921,1.06927
"exness","EURUSD","2023-06-01 00:02:00.394Z",1.06923,1.06929
"exness","EURUSD","2023-06-01 00:02:00.414Z",1.06924,1.06931
"exness","EURUSD","2023-06-01 00:02:01.439Z",1.06924,1.06929
"exness","EURUSD","2023-06-01 00:02:02.856Z",1.06925,1.06931
"exness","EURUSD","2023-06-01 00:02:05.638Z",1.06924,1.0693
"exness","EURUSD","2023-06-01 00:02:11.363Z",1.06924,1.06929
"exness","EURUSD","2023-06-01 00:02:13.004Z",1.06925,1.06931
"exness","EURUSD","2023-06-01 00:02:13.050Z",1.06926,1.06933
"exness","EURUSD","2023-06-01 00:02:13.793Z",1.06925,1.06931
"exness","EURUSD","2023-06-01 00:02:14.615Z",1.06926,1.06933
"exness","EURUSD","2023-06-01 00:02:14.902Z",1.06928,1.06934
"exness","EURUSD","2023-06-01 00:02:15.055Z",1.0693,1.06935
"exness","EURUSD","2023-06-01 00:02:16.309Z",1.0693,1.06936
"exness","EURUSD","2023-06-01 00:02:19.601Z",1.0693,1.06935
"exness","EURUSD","2023-06-01 00:02:19.659Z",1.0693,1.06937
"exness","EURUSD","2023-06-01 00:02:21.542Z",1.06929,1.06935
"exness","EURUSD","2023-06-01 00:02:22.623Z",1.06928,1.06933
"exness","EURUSD","2023-06-01 00:02:23.832Z",1.06927,1.06933
"exness","EURUSD","2023-06-01 00:02:30.423Z",1.06926,1.06932
"exness","EURUSD","2023-06-01 00:02:34.821Z",1.06925,1.0693
"exness","EURUSD","2023-06-01 00:02:35.803Z",1.06923,1.06929
"exness","EURUSD","2023-06-01 00:02:36.169Z",1.06923,1.06928
"exness","EURUSD","2023-06-01 00:02:37.577Z",1.06923,1.0693
"exness","EURUSD","2023-06-01 00:02:38.364Z",1.06925,1.06931
"exness","EURUSD","2023-06-01 00:02:38.573Z",1.06923,1.0693
"exness","EURUSD","2023-06-01 00:02:47.689Z",1.06921,1.06927
"exness","EURUSD","2023-06-01 00:02:47.703Z",1.06919,1.06925
"exness","EURUSD","2023-06-01 00:02:47.971Z",1.06918,1.06924
"exness","EURUSD","2023-06-01 00:02:48.042Z",1.06916,1.06922
"exness","EURUSD","2023-06-01 00:02:50.211Z",1.06918,1.06925
"exness","EURUSD","2023-06-01 00:03:00.053Z",1.0692,1.06926
"exness","EURUSD","2023-06-01 00:03:02.884Z",1.06921,1.06927
"exness","EURUSD","2023-06-01 00:03:10.361Z",1.06923,1.0693
"exness","EURUSD","2023-06-01 00:03:21.618Z",1.06925,1.06931
"exness","EURUSD","2023-06-01 00:03:24.407Z",1.06927,1.06932
"exness","EURUSD","2023-06-01 00:03:26.169Z",1.06927,1.06933
"exness","EURUSD","2023-06-01 00:03:26.188Z",1.06929,1.06935
"exness","EURUSD","2023-06-01 00:03:26.397Z",1.06927,1.06933
"exness","EURUSD","2023-06-01 00:03:30.097Z",1.06925,1.06931
"exness","EURUSD","2023-06-01 00:03:30.174Z",1.06924,1.0693
"exness","EURUSD","2023-06-01 00:03:31.169Z",1.06923,1.06928
"exness","EURUSD","2023-06-01 00:03:31.187Z",1.06922,1.06928
"exness","EURUSD","2023-06-01 00:03:31.199Z",1.0692,1.06926
"exness","EURUSD","2023-06-01 00:03:32.363Z",1.06921,1.06926
"exness","EURUSD","2023-06-01 00:03:37.728Z",1.06922,1.06929
"exness","EURUSD","2023-06-01 00:03:41.146Z",1.06924,1.06929
"exness","EURUSD","2023-06-01 00:03:41.883Z",1.06924,1.0693
"exness","EURUSD","2023-06-01 00:03:45.922Z",1.06925,1.06931
"exness","EURUSD","2023-06-01 00:03:46.590Z",1.06924,1.0693
"exness","EURUSD","2023-06-01 00:03:47.237Z",1.06922,1.06928
"exness","EURUSD","2023-06-01 00:03:48.724Z",1.0692,1.06926
"exness","EURUSD","2023-06-01 00:03:48.739Z",1.06918,1.06924
"exness","EURUSD","2023-06-01 00:03:48.785Z",1.06917,1.06923
"exness","EURUSD","2023-06-01 00:03:48.826Z",1.06916,1.06921
"exness","EURUSD","2023-06-01 00:03:49.710Z",1.06915,1.06921
"exness","EURUSD","2023-06-01 00:03:49.951Z",1.06913,1.0692
"exness","EURUSD","2023-06-01 00:03:52.246Z",1.06913,1.06918
"exness","EURUSD","2023-06-01 00:03:52.600Z",1.06914,1.0692
"exness","EURUSD","2023-06-01 00:03:53.129Z",1.06913,1.06918
"exness","EURUSD","2023-06-01 00:03:54.285Z",1.06912,1.06918
"exness","EURUSD","2023-06-01 00:04:00.321Z",1.06913,1.06919
"exness","EURUSD","2023-06-01 00:04:03.308Z",1.06914,1.06921
"exness","EURUSD","2023-06-01 00:04:03.792Z",1.06916,1.06922
"exness","EURUSD","2023-06-01 00:04:03.825Z",1.06918,1.06923
"exness","EURUSD","2023-06-01 00:04:05.324Z",1.06916,1.06923
"exness","EURUSD","2023-06-01 00:04:11.875Z",1.06918,1.06924
"exness","EURUSD","2023-06-01 00:04:11.889Z",1.0692,1.06926
"exness","EURUSD","2023-06-01 00:04:11.928Z",1.06921,1.06928
"exness","EURUSD","2023-06-01 00:04:14.790Z",1.06924,1.0693
"exness","EURUSD","2023-06-01 00:04:16.652Z",1.06924,1.06929
"exness","EURUSD","2023-06-01 00:04:17.276Z",1.06922,1.06928
"exness","EURUSD","2023-06-01 00:04:21.958Z",1.06921,1.06927
"exness","EURUSD","2023-06-01 00:04:21.980Z",1.06919,1.06926
"exness","EURUSD","2023-06-01 00:04:22.003Z",1.06918,1.06924
"exness","EURUSD","2023-06-01 00:04:22.971Z",1.06919,1.06924
"exness","EURUSD","2023-06-01 00:04:24.538Z",1.06918,1.06924
"exness","EURUSD","2023-06-01 00:04:24.746Z",1.06919,1.06925
"exness","EURUSD","2023-06-01 00:04:26.215Z",1.06921,1.06926
"exness","EURUSD","2023-06-01 00:04:34.068Z",1.06921,1.06927
"exness","EURUSD","2023-06-01 00:04:38.871Z",1.06923,1.06929
"exness","EURUSD","2023-06-01 00:04:38.934Z",1.06921,1.06927
"exness","EURUSD","2023-06-01 00:04:56.441Z",1.06919,1.06925
"exness","EURUSD","2023-06-01 00:04:56.470Z",1.06917,1.06924
"exness","EURUSD","2023-06-01 00:05:00.197Z",1.06916,1.06921
"exness","EURUSD","2023-06-01 00:05:00.400Z",1.06915,1.06921
"exness","EURUSD","2023-06-01 00:05:00.770Z",1.06914,1.06919
"exness","EURUSD","2023-06-01 00:05:00.795Z",1.06912,1.06918
"exness","EURUSD","2023-06-01 00:05:08.307Z",1.06911,1.06917
"exness","EURUSD","2023-06-01 00:05:08.421Z",1.06911,1.06916
"exness","EURUSD","2023-06-01 00:05:09.925Z",1.06911,1.06917
"exness","EURUSD","2023-06-01 00:05:09.946Z",1.06913,1.06919
"exness","EURUSD","2023-06-01 00:05:10.942Z",1.06914,1.0692
"exness","EURUSD","2023-06-01 00:05:11.685Z",1.06916,1.06921
"exness","EURUSD","2023-06-01 00:05:25.406Z",1.06914,1.0692
"exness","EURUSD","2023-06-01 00:05:25.475Z",1.06912,1.06919
"exness","EURUSD","2023-06-01 00:05:25.557Z",1.06912,1.06917
"exness","EURUSD","2023-06-01 00:05:28.583Z",1.0691,1.06916
"exness","EURUSD","2023-06-01 00:05:28.647Z",1.06908,1.06914
"exness","EURUSD","2023-06-01 00:05:28.999Z",1.06908,1.06913
"exness","EURUSD","2023-06-01 00:05:32.904Z",1.06905,1.06912
"exness","EURUSD","2023-06-01 00:05:39.365Z",1.06906,1.06913
"exness","EURUSD","2023-06-01 00:05:47.345Z",1.06908,1.06914
"exness","EURUSD","2023-06-01 00:05:47.367Z",1.06909,1.06915
"exness","EURUSD","2023-06-01 00:05:47.379Z",1.06911,1.06917
"exness","EURUSD","2023-06-01 00:05:48.000Z",1.06912,1.06918
"exness","EURUSD","2023-06-01 00:05:48.072Z",1.06914,1.06919
"exness","EURUSD","2023-06-01 00:05:48.142Z",1.06912,1.06919
"exness","EURUSD","2023-06-01 00:05:50.273Z",1.06912,1.06917
"exness","EURUSD","2023-06-01 00:05:57.951Z",1.06911,1.06917
"exness","EURUSD","2023-06-01 00:05:58.836Z",1.06909,1.06915
"exness","EURUSD","2023-06-01 00:05:58.860Z",1.06907,1.06914
"exness","EURUSD","2023-06-01 00:05:58.958Z",1.06907,1.06912
"exness","EURUSD","2023-06-01 00:05:58.965Z",1.06905,1.06912
"exness","EURUSD","2023-06-01 00:05:58.982Z",1.06904,1.0691
"exness","EURUSD","2023-06-01 00:06:00.004Z",1.06906,1.06911
"exness","EURUSD","2023-06-01 00:06:02.229Z",1.06904,1.0691
"exness","EURUSD","2023-06-01 00:06:07.444Z",1.06906,1.06911
"exness","EURUSD","2023-06-01 00:06:11.017Z",1.06905,1.06912
"exness","EURUSD","2023-06-01 00:06:33.361Z",1.06907,1.06914
"exness","EURUSD","2023-06-01 00:06:33.371Z",1.06909,1.06914
"exness","EURUSD","2023-06-01 00:06:33.392Z",1.06907,1.06913
"exness","EURUSD","2023-06-01 00:06:33.589Z",1.06906,1.06911
"exness","EURUSD","2023-06-01 00:06:34.707Z",1.06905,1.06911
"exness","EURUSD","2023-06-01 00:06:34.718Z",1.06903,1.06909
"exness","EURUSD","2023-06-01 00:06:34.752Z",1.06902,1.06908
"exness","EURUSD","2023-06-01 00:06:36.895Z",1.069,1.06907
"exness","EURUSD","2023-06-01 00:06:59.497Z",1.06902,1.06908
"exness","EURUSD","2023-06-01 00:06:59.693Z",1.06902,1.06907
"exness","EURUSD","2023-06-01 00:07:22.622Z",1.06902,1.06909
"exness","EURUSD","2023-06-01 00:07:22.672Z",1.06904,1.0691
"exness","EURUSD","2023-06-01 00:07:23.260Z",1.06906,1.06911
"exness","EURUSD","2023-06-01 00:07:32.146Z",1.06907,1.06913
"exness","EURUSD","2023-06-01 00:07:33.279Z",1.06908,1.06913
"exness","EURUSD","2023-06-01 00:07:38.110Z",1.06908,1.06914
"exness","EURUSD","2023-06-01 00:07:47.894Z",1.06909,1.06915
"exness","EURUSD","2023-06-01 00:08:02.212Z",1.06911,1.06917
"exness","EURUSD","2023-06-01 00:08:09.503Z",1.06908,1.06915
"exness","EURUSD","2023-06-01 00:08:11.203Z",1.06906,1.06913
"exness","EURUSD","2023-06-01 00:08:11.223Z",1.06905,1.06911
"exness","EURUSD","2023-06-01 00:08:11.256Z",1.06903,1.0691
"exness","EURUSD","2023-06-01 00:08:14.300Z",1.06902,1.06907
"exness","EURUSD","2023-06-01 00:08:30.298Z",1.069,1.06906
"exness","EURUSD","2023-06-01 00:08:30.348Z",1.069,1.06905
"exness","EURUSD","2023-06-01 00:08:33.563Z",1.06901,1.06907
"exness","EURUSD","2023-06-01 00:08:35.821Z",1.06902,1.06907
"exness","EURUSD","2023-06-01 00:08:40.588Z",1.06903,1.0691
"exness","EURUSD","2023-06-01 00:08:40.668Z",1.06905,1.06911
"exness","EURUSD","2023-06-01 00:08:41.353Z",1.06907,1.06913
"exness","EURUSD","2023-06-01 00:08:41.359Z",1.06908,1.06915
"exness","EURUSD","2023-06-01 00:08:44.017Z",1.0691,1.06915
"exness","EURUSD","2023-06-01 00:08:45.192Z",1.0691,1.06917
"exness","EURUSD","2023-06-01 00:08:56.394Z",1.06909,1.06915
"exness","EURUSD","2023-06-01 00:09:03.102Z",1.06909,1.06914
"exness","EURUSD","2023-06-01 00:09:03.308Z",1.06909,1.06916
"exness","EURUSD","2023-06-01 00:09:04.195Z",1.06911,1.06916
"exness","EURUSD","2023-06-01 00:09:14.163Z",1.06911,1.06917
"exness","EURUSD","2023-06-01 00:09:18.146Z",1.06913,1.06919
"exness","EURUSD","2023-06-01 00:09:18.160Z",1.06914,1.0692
"exness","EURUSD","2023-06-01 00:09:18.170Z",1.06916,1.06922
"exness","EURUSD","2023-06-01 00:09:18.179Z",1.06917,1.06924
"exness","EURUSD","2023-06-01 00:09:18.206Z",1.06919,1.06925
"exness","EURUSD","2023-06-01 00:09:18.225Z",1.0692,1.06927
"exness","EURUSD","2023-06-01 00:09:18.245Z",1.06922,1.06928
"exness","EURUSD","2023-06-01 00:09:20.844Z",1.06924,1.0693
"exness","EURUSD","2023-06-01 00:09:23.397Z",1.06925,1.0693
"exness","EURUSD","2023-06-01 00:09:28.405Z",1.06924,1.0693
"exness","EURUSD","2023-06-01 00:09:35.566Z",1.06925,1.06931
"exness","EURUSD","2023-06-01 00:09:35.597Z",1.06926,1.06933
"exness","EURUSD","2023-06-01 00:09:35.611Z",1.06928,1.06934
"exness","EURUSD","2023-06-01 00:09:36.900Z",1.06929,1.06935
"exness","EURUSD","2023-06-01 00:09:39.762Z",1.06928,1.06934
"exness","EURUSD","2023-06-01 00:09:40.453Z",1.06927,1.06932
"exness","EURUSD","2023-06-01 00:09:41.508Z",1.06928,1.06934
"exness","EURUSD","2023-06-01 00:10:08.049Z",1.06928,1.06933
"exness","EURUSD","2023-06-01 00:10:12.083Z",1.06926,1.06932
"exness","EURUSD","2023-06-01 00:10:15.660Z",1.06924,1.0693
"exness","EURUSD","2023-06-01 00:10:15.783Z",1.06923,1.06929
"exness","EURUSD","2023-06-01 00:10:15.801Z",1.06921,1.06927
"exness","EURUSD","2023-06-01 00:10:15.864Z",1.06919,1.06926
"exness","EURUSD","2023-06-01 00:10:19.425Z",1.06921,1.06928
"exness","EURUSD","2023-06-01 00:10:23.998Z",1.06923,1.06929
"exness","EURUSD","2023-06-01 00:10:24.013Z",1.06925,1.06931
"exness","EURUSD","2023-06-01 00:10:24.024Z",1.06926,1.06931
"exness","EURUSD","2023-06-01 00:10:24.042Z",1.06927,1.06933
"exness","EURUSD","2023-06-01 00:10:24.218Z",1.06929,1.06935
"exness","EURUSD","2023-06-01 00:10:33.609Z",1.06927,1.06934
"exness","EURUSD","2023-06-01 00:10:39.727Z",1.06929,1.06935
"exness","EURUSD","2023-06-01 00:10:40.332Z",1.06931,1.06937
"exness","EURUSD","2023-06-01 00:10:40.736Z",1.06932,1.06937
"exness","EURUSD","2023-06-01 00:10:48.074Z",1.06931,1.06936
"exness","EURUSD","2023-06-01 00:10:48.120Z",1.06932,1.06938
"exness","EURUSD","2023-06-01 00:10:50.444Z",1.06933,1.06938
"exness","EURUSD","2023-06-01 00:10:55.843Z",1.06931,1.06937
"exness","EURUSD","2023-06-01 00:11:03.715Z",1.06929,1.06935
"exness","EURUSD","2023-06-01 00:11:04.995Z",1.06929,1.06934
"exness","EURUSD","2023-06-01 00:11:05.037Z",1.06929,1.06935
"exness","EURUSD","2023-06-01 00:11:05.872Z",1.06931,1.06937
"exness","EURUSD","2023-06-01 00:11:05.908Z",1.06932,1.06937
"exness","EURUSD","2023-06-01 00:11:06.002Z",1.0693,1.06937
"exness","EURUSD","2023-06-01 00:11:08.231Z",1.06929,1.06935
"exness","EURUSD","2023-06-01 00:11:09.317Z",1.06928,1.06934
"exness","EURUSD","2023-06-01 00:11:14.384Z",1.06929,1.06935
"exness","EURUSD","2023-06-01 00:11:23.697Z",1.0693,1.06935
"exness","EURUSD","2023-06-01 00:11:24.749Z",1.06931,1.06937
"exness","EURUSD","2023-06-01 00:11:28.966Z",1.0693,1.06936
"exness","EURUSD","2023-06-01 00:11:34.116Z",1.06932,1.06938
"exness","EURUSD","2023-06-01 00:11:36.293Z",1.06933,1.06938
"exness","EURUSD","2023-06-01 00:11:45.861Z",1.06932,1.06938
"exness","EURUSD","2023-06-01 00:11:47.499Z",1.0693,1.06936
"exness","EURUSD","2023-06-01 00:11:49.043Z",1.06928,1.06935
"exness","EURUSD","2023-06-01 00:11:49.649Z",1.0693,1.06936
"exness","EURUSD","2023-06-01 00:11:49.669Z",1.06932,1.06938
"exness","EURUSD","2023-06-01 00:11:50.019Z",1.06933,1.06938
"exness","EURUSD","2023-06-01 00:12:04.003Z",1.06932,1.06938
"exness","EURUSD","2023-06-01 00:12:25.109Z",1.06934,1.0694
"exness","EURUSD","2023-06-01 00:12:25.121Z",1.06936,1.06942
"exness","EURUSD","2023-06-01 00:12:27.025Z",1.06935,1.06941
"exness","EURUSD","2023-06-01 00:12:30.374Z",1.06936,1.06942
"exness","EURUSD","2023-06-01 00:12:30.751Z",1.06938,1.06943
"exness","EURUSD","2023-06-01 00:12:38.385Z",1.06936,1.06943
"exness","EURUSD","2023-06-01 00:12:40.748Z",1.06935,1.06941
"exness","EURUSD","2023-06-01 00:12:43.102Z",1.06936,1.06942
"exness","EURUSD","2023-06-01 00:12:48.575Z",1.06937,1.06944
"exness","EURUSD","2023-06-01 00:12:58.858Z",1.06939,1.06945
"exness","EURUSD","2023-06-01 00:12:58.880Z",1.0694,1.06946
"exness","EURUSD","2023-06-01 00:12:59.013Z",1.06942,1.06947
"exness","EURUSD","2023-06-01 00:13:09.928Z",1.0694,1.06947
"exness","EURUSD","2023-06-01 00:13:09.936Z",1.06939,1.06945
"exness","EURUSD","2023-06-01 00:13:09.960Z",1.06937,1.06943
"exness","EURUSD","2023-06-01 00:13:10.020Z",1.06936,1.06941
"exness","EURUSD","2023-06-01 00:13:10.195Z",1.06935,1.06941
"exness","EURUSD","2023-06-01 00:13:12.830Z",1.06936,1.06942
"exness","EURUSD","2023-06-01 00:13:13.370Z",1.06934,1.0694
"exness","EURUSD","2023-06-01 00:13:21.424Z",1.06936,1.06942
"exness","EURUSD","2023-06-01 00:13:29.809Z",1.06934,1.0694
"exness","EURUSD","2023-06-01 00:13:32.692Z",1.06935,1.06941
"exness","EURUSD","2023-06-01 00:13:34.134Z",1.06936,1.06942
"exness","EURUSD","2023-06-01 00:13:37.330Z",1.06938,1.06944
"exness","EURUSD","2023-06-01 00:13:37.372Z",1.06939,1.06945
"exness","EURUSD","2023-06-01 00:13:37.438Z",1.06941,1.06947
"exness","EURUSD","2023-06-01 00:13:37.487Z",1.06943,1.06949
"exness","EURUSD","2023-06-01 00:13:37.500Z",1.06944,1.06951
"exness","EURUSD","2023-06-01 00:13:37.530Z",1.06943,1.06949
"exness","EURUSD","2023-06-01 00:13:38.861Z",1.06944,1.0695000000000001
"exness","EURUSD","2023-06-01 00:13:42.357Z",1.06945,1.06952
"exness","EURUSD","2023-06-01 00:13:43.552Z",1.06947,1.06952
"exness","EURUSD","2023-06-01 00:13:43.876Z",1.06945,1.06951
"exness","EURUSD","2023-06-01 00:13:44.079Z",1.06945,1.0695000000000001
"exness","EURUSD","2023-06-01 00:13:45.051Z",1.06943,1.06949
"exness","EURUSD","2023-06-01 00:13:46.018Z",1.06942,1.06947
"exness","EURUSD","2023-06-01 00:13:47.408Z",1.06941,1.06947
"exness","EURUSD","2023-06-01 00:13:47.430Z",1.06939,1.06945
"exness","EURUSD","2023-06-01 00:13:51.935Z",1.0694,1.06947
"exness","EURUSD","2023-06-01 00:13:53.035Z",1.06942,1.06948
"exness","EURUSD","2023-06-01 00:14:01.217Z",1.06943,1.06949
"exness","EURUSD","2023-06-01 00:14:03.251Z",1.06943,1.06948
"exness","EURUSD","2023-06-01 00:14:05.240Z",1.06942,1.06948
"exness","EURUSD","2023-06-01 00:14:19.266Z",1.06943,1.0695000000000001
"exness","EURUSD","2023-06-01 00:14:19.458Z",1.06945,1.06951
"exness","EURUSD","2023-06-01 00:14:26.530Z",1.06946,1.06952
"exness","EURUSD","2023-06-01 00:14:30.344Z",1.06944,1.0695000000000001
"exness","EURUSD","2023-06-01 00:14:30.498Z",1.06943,1.06949
"exness","EURUSD","2023-06-01 00:14:31.552Z",1.06941,1.06947
"exness","EURUSD","2023-06-01 00:14:53.791Z",1.06939,1.06945
"exness","EURUSD","2023-06-01 00:14:53.817Z",1.06937,1.06944
"exness","EURUSD","2023-06-01 00:14:54.868Z",1.06936,1.06943
"exness","EURUSD","2023-06-01 00:14:57.637Z",1.06936,1.06941
"exness","EURUSD","2023-06-01 00:15:03.765Z",1.06937,1.06943
"exness","EURUSD","2023-06-01 00:15:06.481Z",1.06935,1.06942
"exness","EURUSD","2023-06-01 00:15:06.550Z",1.06934,1.0694
"exness","EURUSD","2023-06-01 00:15:09.050Z",1.06935,1.06942
"exness","EURUSD","2023-06-01 00:15:10.425Z",1.06937,1.06942
"exness","EURUSD","2023-06-01 00:15:11.453Z",1.06936,1.06942
"exness","EURUSD","2023-06-01 00:15:12.560Z",1.06934,1.0694
"exness","EURUSD","2023-06-01 00:15:13.131Z",1.06934,1.06939
"exness","EURUSD","2023-06-01 00:15:15.900Z",1.06932,1.06938
"exness","EURUSD","2023-06-01 00:15:19.862Z",1.06931,1.06937
"exness","EURUSD","2023-06-01 00:15:29.170Z",1.06932,1.06938
"exness","EURUSD","2023-06-01 00:15:35.690Z",1.0693,1.06936
"exness","EURUSD","2023-06-01 00:15:35.767Z",1.06928,1.06934
"exness","EURUSD","2023-06-01 00:15:35.775Z",1.06927,1.06933
"exness","EURUSD","2023-06-01 00:15:36.275Z",1.06926,1.06931
"exness","EURUSD","2023-06-01 00:15:40.742Z",1.06924,1.06931
"exness","EURUSD","2023-06-01 00:15:43.296Z",1.06926,1.06932
"exness","EURUSD","2023-06-01 00:15:43.488Z",1.06924,1.06931
"exness","EURUSD","2023-06-01 00:15:45.078Z",1.06926,1.06932
"exness","EURUSD","2023-06-01 00:15:49.891Z",1.06928,1.06933
"exness","EURUSD","2023-06-01 00:15:49.962Z",1.06928,1.06935
"exness","EURUSD","2023-06-01 00:15:49.974Z",1.0693,1.06936
"exness","EURUSD","2023-06-01 00:15:50.264Z",1.06931,1.06936
"exness","EURUSD","2023-06-01 00:15:55.231Z",1.06929,1.06935
"exness","EURUSD","2023-06-01 00:15:55.313Z",1.06928,1.06934
"exness","EURUSD","2023-06-01 00:15:55.612Z",1.06927,1.06932
"exness","EURUSD","2023-06-01 00:15:57.183Z",1.06926,1.06932
"exness","EURUSD","2023-06-01 00:15:58.298Z",1.06924,1.06931
"exness","EURUSD","2023-06-01 00:16:04.008Z",1.06926,1.06932
"exness","EURUSD","2023-06-01 00:16:04.540Z",1.06928,1.06933
"exness","EURUSD","2023-06-01 00:16:06.857Z",1.06928,1.06934
"exness","EURUSD","2023-06-01 00:16:08.997Z",1.06929,1.06934
"exness","EURUSD","2023-06-01 00:16:11.186Z",1.0693,1.06936
"exness","EURUSD","2023-06-01 00:16:11.916Z",1.06929,1.06935
"exness","EURUSD","2023-06-01 00:16:11.920Z",1.06927,1.06933
"exness","EURUSD","2023-06-01 00:16:12.208Z",1.06926,1.06931
"exness","EURUSD","2023-06-01 00:16:16.708Z",1.06926,1.06932
"exness","EURUSD","2023-06-01 00:16:22.303Z",1.06925,1.06931
"exness","EURUSD","2023-06-01 00:16:23.798Z",1.06923,1.0693
"exness","EURUSD","2023-06-01 00:16:23.866Z",1.06922,1.06928
"exness","EURUSD","2023-06-01 00:16:24.016Z",1.06921,1.06926
"exness","EURUSD","2023-06-01 00:16:27.424Z",1.0692,1.06926
"exness","EURUSD","2023-06-01 00:16:27.530Z",1.06921,1.06926
"exness","EURUSD","2023-06-01 00:16:29.312Z",1.06923,1.06929
"exness","EURUSD","2023-06-01 00:16:33.122Z",1.06923,1.06928
"exness","EURUSD","2023-06-01 00:16:39.532Z",1.06921,1.06927
"exness","EURUSD","2023-06-01 00:16:48.911Z",1.0692,1.06926
"exness","EURUSD","2023-06-01 00:16:49.039Z",1.06918,1.06924
"exness","EURUSD","2023-06-01 00:16:49.265Z",1.06917,1.06923
"exness","EURUSD","2023-06-01 00:16:49.924Z",1.06918,1.06924
"exness","EURUSD","2023-06-01 00:16:51.551Z",1.06919,1.06924
"exness","EURUSD","2023-06-01 00:16:58.274Z",1.06917,1.06924
"exness","EURUSD","2023-06-01 00:16:58.279Z",1.06916,1.06922
"exness","EURUSD","2023-06-01 00:16:58.297Z",1.06916,1.06921
"exness","EURUSD","2023-06-01 00:16:58.310Z",1.06916,1.06922
"exness","EURUSD","2023-06-01 00:16:58.355Z",1.06917,1.06922
"exness","EURUSD","2023-06-01 00:16:58.388Z",1.06918,1.06924
"exness","EURUSD","2023-06-01 00:16:58.408Z",1.06919,1.06926
"exness","EURUSD","2023-06-01 00:16:58.455Z",1.06921,1.06926
"exness","EURUSD","2023-06-01 00:16:58.701Z",1.06922,1.06928
"exness","EURUSD","2023-06-01 00:16:59.722Z",1.06923,1.0693
"exness","EURUSD","2023-06-01 00:17:11.862Z",1.06923,1.06928
"exness","EURUSD","2023-06-01 00:17:11.884Z",1.06921,1.06927
"exness","EURUSD","2023-06-01 00:17:16.116Z",1.0692,1.06926
"exness","EURUSD","2023-06-01 00:17:19.089Z",1.06918,1.06924
"exness","EURUSD","2023-06-01 00:17:19.304Z",1.06916,1.06922
"exness","EURUSD","2023-06-01 00:17:31.324Z",1.06917,1.06924
"exness","EURUSD","2023-06-01 00:17:32.650Z",1.06916,1.06923
"exness","EURUSD","2023-06-01 00:17:33.115Z",1.06918,1.06924
"exness","EURUSD","2023-06-01 00:17:45.103Z",1.06918,1.06923
"exness","EURUSD","2023-06-01 00:17:49.156Z",1.06916,1.06922
"exness","EURUSD","2023-06-01 00:17:49.188Z",1.06915,1.06921
"exness","EURUSD","2023-06-01 00:17:54.271Z",1.06915,1.0692
"exness","EURUSD","2023-06-01 00:18:02.736Z",1.06913,1.06919
"exness","EURUSD","2023-06-01 00:18:07.498Z",1.06912,1.06918
"exness","EURUSD","2023-06-01 00:18:16.368Z",1.06911,1.06917
"exness","EURUSD","2023-06-01 00:18:20.951Z",1.06913,1.06918
"exness","EURUSD","2023-06-01 00:18:20.961Z",1.06911,1.06917
"exness","EURUSD","2023-06-01 00:18:20.991Z",1.0691,1.06916
"exness","EURUSD","2023-06-01 00:18:21.701Z",1.06911,1.06917
"exness","EURUSD","2023-06-01 00:18:22.688Z",1.06912,1.06917
"exness","EURUSD","2023-06-01 00:18:24.788Z",1.06911,1.06917
"exness","EURUSD","2023-06-01 00:18:27.240Z",1.06912,1.06919
"exness","EURUSD","2023-06-01 00:18:27.399Z",1.06914,1.0692
"exness","EURUSD","2023-06-01 00:18:31.594Z",1.06914,1.06919
"exness","EURUSD","2023-06-01 00:18:32.776Z",1.06914,1.0692
"exness","EURUSD","2023-06-01 00:18:51.585Z",1.06914,1.06919
"exness","EURUSD","2023-06-01 00:18:54.236Z",1.06913,1.06919
"exness","EURUSD","2023-06-01 00:19:03.249Z",1.06914,1.06919
"exness","EURUSD","2023-06-01 00:19:06.579Z",1.06913,1.06919
"exness","EURUSD","2023-06-01 00:19:08.174Z",1.06914,1.06921
"exness","EURUSD","2023-06-01 00:19:08.216Z",1.06916,1.06922
"exness","EURUSD","2023-06-01 00:19:09.283Z",1.06917,1.06922
"exness","EURUSD","2023-06-01 00:19:13.503Z",1.06918,1.06924
"exness","EURUSD","2023-06-01 00:19:13.528Z",1.0692,1.06926
"exness","EURUSD","2023-06-01 00:19:13.837Z",1.06921,1.06927
"exness","EURUSD","2023-06-01 00:19:16.070Z",1.06922,1.06927
"exness","EURUSD","2023-06-01 00:19:17.173Z",1.06921,1.06927
"exness","EURUSD","2023-06-01 00:19:21.644Z",1.06923,1.0693
"exness","EURUSD","2023-06-01 00:19:21.680Z",1.06925,1.06931
"exness","EURUSD","2023-06-01 00:19:59.748Z",1.06923,1.0693
"exness","EURUSD","2023-06-01 00:19:59.755Z",1.06922,1.06928
"exness","EURUSD","2023-06-01 00:20:00.497Z",1.0692,1.06926
"exness","EURUSD","2023-06-01 00:20:01.074Z",1.0692,1.06925
"exness","EURUSD","2023-06-01 00:20:09.806Z",1.06917,1.06923
"exness","EURUSD","2023-06-01 00:20:09.907Z",1.06916,1.06922
"exness","EURUSD","2023-06-01 00:20:18.889Z",1.06917,1.06923
"exness","EURUSD","2023-06-01 00:20:20.666Z",1.06918,1.06924
"exness","EURUSD","2023-06-01 00:20:21.956Z",1.0692,1.06925
"exness","EURUSD","2023-06-01 00:20:21.989Z",1.06921,1.06927
"exness","EURUSD","2023-06-01 00:20:22.017Z",1.06922,1.06927
"exness","EURUSD","2023-06-01 00:20:24.730Z",1.06922,1.06928
"exness","EURUSD","2023-06-01 00:20:27.200Z",1.06924,1.0693
"exness","EURUSD","2023-06-01 00:20:27.302Z",1.06925,1.06932
"exness","EURUSD","2023-06-01 00:20:56.278Z",1.06924,1.0693
"exness","EURUSD","2023-06-01 00:20:57.402Z",1.06922,1.06929
"exness","EURUSD","2023-06-01 00:21:11.494Z",1.06924,1.06929
"exness","EURUSD","2023-06-01 00:21:19.631Z",1.06922,1.06929
"exness","EURUSD","2023-06-01 00:21:22.133Z",1.06921,1.06927
"exness","EURUSD","2023-06-01 00:21:24.598Z",1.06919,1.06926
"exness","EURUSD","2023-06-01 00:21:27.332Z",1.06922,1.06928
"exness","EURUSD","2023-06-01 00:21:27.342Z",1.06923,1.06929
"exness","EURUSD","2023-06-01 00:22:22.800Z",1.06925,1.0693
"exness","EURUSD","2023-06-01 00:22:34.851Z",1.06925,1.06931
"exness","EURUSD","2023-06-01 00:22:41.377Z",1.06927,1.06932
"exness","EURUSD","2023-06-01 00:23:06.014Z",1.06926,1.06932
"exness","EURUSD","2023-06-01 00:23:15.416Z",1.06927,1.06934
"exness","EURUSD","2023-06-01 00:23:15.425Z",1.06929,1.06935
"exness","EURUSD","2023-06-01 00:23:15.444Z",1.06931,1.06937
"exness","EURUSD","2023-06-01 00:23:15.495Z",1.06932,1.06938
"exness","EURUSD","2023-06-01 00:23:15.524Z",1.06934,1.0694
"exness","EURUSD","2023-06-01 00:23:17.103Z",1.06936,1.06942
"exness","EURUSD","2023-06-01 00:23:17.120Z",1.06934,1.0694
"exness","EURUSD","2023-06-01 00:23:17.125Z",1.06933,1.06939
"exness","EURUSD","2023-06-01 00:23:17.145Z",1.06932,1.06937
"exness","EURUSD","2023-06-01 00:23:17.163Z",1.0693,1.06937
"exness","EURUSD","2023-06-01 00:23:18.499Z",1.06932,1.06938
"exness","EURUSD","2023-06-01 00:23:19.009Z",1.06934,1.0694
"exness","EURUSD","2023-06-01 00:23:19.032Z",1.06935,1.06942
"exness","EURUSD","2023-06-01 00:23:21.213Z",1.06933,1.06939
"exness","EURUSD","2023-06-01 00:23:26.449Z",1.06933,1.06938
"exness","EURUSD","2023-06-01 00:23:27.336Z",1.06933,1.06939
"exness","EURUSD","2023-06-01 00:23:31.582Z",1.06932,1.06938
"exness","EURUSD","2023-06-01 00:23:37.889Z",1.06932,1.06937
"exness","EURUSD","2023-06-01 00:23:38.718Z",1.06932,1.06938
"exness","EURUSD","2023-06-01 00:23:39.877Z",1.06933,1.06938
"exness","EURUSD","2023-06-01 00:23:40.401Z",1.06934,1.0694
"exness","EURUSD","2023-06-01 00:23:40.411Z",1.06935,1.06942
"exness","EURUSD","2023-06-01 00:23:43.599Z",1.06933,1.0694
"exness","EURUSD","2023-06-01 00:23:46.507Z",1.06933,1.06938
"exness","EURUSD","2023-06-01 00:23:51.482Z",1.06931,1.06938
"exness","EURUSD","2023-06-01 00:24:04.655Z",1.06933,1.0694
"exness","EURUSD","2023-06-01 00:24:06.334Z",1.06935,1.06941
"exness","EURUSD","2023-06-01 00:24:11.035Z",1.06936,1.06941
"exness","EURUSD","2023-06-01 00:24:17.048Z",1.06934,1.0694
"exness","EURUSD","2023-06-01 00:24:17.480Z",1.06933,1.06939
"exness","EURUSD","2023-06-01 00:24:19.664Z",1.06934,1.0694
"exness","EURUSD","2023-06-01 00:24:22.352Z",1.06936,1.06942
"exness","EURUSD","2023-06-01 00:24:30.072Z",1.06934,1.0694
"exness","EURUSD","2023-06-01 00:24:30.082Z",1.06933,1.06939
"exness","EURUSD","2023-06-01 00:24:30.097Z",1.06931,1.06937
"exness","EURUSD","2023-06-01 00:24:30.929Z",1.06932,1.06937
"exness","EURUSD","2023-06-01 00:24:31.079Z",1.06933,1.06939
"exness","EURUSD","2023-06-01 00:24:38.972Z",1.06932,1.06938
"exness","EURUSD","2023-06-01 00:24:42.202Z",1.06933,1.0694
"exness","EURUSD","2023-06-01 00:24:44.657Z",1.06935,1.0694
"exness","EURUSD","2023-06-01 00:24:47.446Z",1.06935,1.06941
"exness","EURUSD","2023-06-01 00:24:52.931Z",1.06937,1.06943
"exness","EURUSD","2023-06-01 00:24:52.986Z",1.06938,1.06944
"exness","EURUSD","2023-06-01 00:24:53.308Z",1.0694,1.06946
"exness","EURUSD","2023-06-01 00:24:53.431Z",1.06941,1.06947
"exness","EURUSD","2023-06-01 00:24:54.617Z",1.06942,1.06948
"exness","EURUSD","2023-06-01 00:25:00.868Z",1.06941,1.06947
"exness","EURUSD","2023-06-01 00:25:01.181Z",1.06942,1.06948
"exness","EURUSD","2023-06-01 00:25:01.288Z",1.06944,1.0695000000000001
"exness","EURUSD","2023-06-01 00:25:01.847Z",1.06946,1.06951
"exness","EURUSD","2023-06-01 00:25:02.853Z",1.06946,1.06952
"exness","EURUSD","2023-06-01 00:25:03.284Z",1.06948,1.06954
"exness","EURUSD","2023-06-01 00:25:06.497Z",1.06947,1.06953
"exness","EURUSD","2023-06-01 00:25:53.107Z",1.06945,1.06951
"exness","EURUSD","2023-06-01 00:26:08.469Z",1.06943,1.06949
"exness","EURUSD","2023-06-01 00:26:11.008Z",1.06942,1.06948
"exness","EURUSD","2023-06-01 00:26:11.420Z",1.06943,1.06948
"exness","EURUSD","2023-06-01 00:26:15.147Z",1.06942,1.06947
"exness","EURUSD","2023-06-01 00:26:16.452Z",1.06941,1.06947
"exness","EURUSD","2023-06-01 00:26:27.405Z",1.0694,1.06945
"exness","EURUSD","2023-06-01 00:26:33.531Z",1.06938,1.06944
"exness","EURUSD","2023-06-01 00:26:33.547Z",1.06936,1.06943
"exness","EURUSD","2023-06-01 00:26:33.600Z",1.06935,1.06941
"exness","EURUSD","2023-06-01 00:26:36.216Z",1.06936,1.06943
"exness","EURUSD","2023-06-01 00:26:48.431Z",1.06935,1.06942
"exness","EURUSD","2023-06-01 00:26:56.352Z",1.06937,1.06943
"exness","EURUSD","2023-06-01 00:27:17.067Z",1.06939,1.06945
"exness","EURUSD","2023-06-01 00:27:45.436Z",1.06941,1.06947
"exness","EURUSD","2023-06-01 00:27:54.940Z",1.06942,1.06948
"exness","EURUSD","2023-06-01 00:28:07.080Z",1.06941,1.06947
"exness","EURUSD","2023-06-01 00:28:07.101Z",1.06939,1.06945
"exness","EURUSD","2023-06-01 00:28:07.155Z",1.06937,1.06944
"exness","EURUSD","2023-06-01 00:28:20.555Z",1.06935,1.06942
"exness","EURUSD","2023-06-01 00:28:37.386Z",1.06934,1.0694
"exness","EURUSD","2023-06-01 00:28:37.419Z",1.06932,1.06938
"exness","EURUSD","2023-06-01 00:28:37.726Z",1.06932,1.06937
"exness","EURUSD","2023-06-01 00:28:41.190Z",1.06932,1.06938
"exness","EURUSD","2023-06-01 00:28:57.513Z",1.06934,1.0694
"exness","EURUSD","2023-06-01 00:29:04.117Z",1.06935,1.0694
"exness","EURUSD","2023-06-01 00:29:11.438Z",1.06936,1.06942
"exness","EURUSD","2023-06-01 00:29:36.191Z",1.06933,1.06939
"exness","EURUSD","2023-06-01 00:29:37.339Z",1.06933,1.06938
"exness","EURUSD","2023-06-01 00:30:00.033Z",1.06931,1.06937
"exness","EURUSD","2023-06-01 00:30:01.063Z",1.06931,1.06936
"exness","EURUSD","2023-06-01 00:30:01.091Z",1.06931,1.06937
"exness","EURUSD","2023-06-01 00:30:17.908Z",1.06929,1.06936
"exness","EURUSD","2023-06-01 00:30:21.380Z",1.06929,1.06934
"exness","EURUSD","2023-06-01 00:30:32.188Z",1.06928,1.06934
"exness","EURUSD","2023-06-01 00:30:36.243Z",1.06927,1.06933
"exness","EURUSD","2023-06-01 00:30:36.271Z",1.06925,1.06931
"exness","EURUSD","2023-06-01 00:30:51.228Z",1.06923,1.0693
"exness","EURUSD","2023-06-01 00:30:51.881Z",1.06923,1.06928
"exness","EURUSD","2023-06-01 00:30:52.052Z",1.06922,1.06928
"exness","EURUSD","2023-06-01 00:30:52.143Z",1.06921,1.06926
"exness","EURUSD","2023-06-01 00:30:54.110Z",1.06919,1.06925
"exness","EURUSD","2023-06-01 00:30:54.132Z",1.06917,1.06923
"exness","EURUSD","2023-06-01 00:30:54.518Z",1.06917,1.06922
"exness","EURUSD","2023-06-01 00:30:55.955Z",1.06914,1.0692
"exness","EURUSD","2023-06-01 00:31:01.036Z",1.06913,1.06919
"exness","EURUSD","2023-06-01 00:31:06.809Z",1.0691,1.06916
"exness","EURUSD","2023-06-01 00:31:10.859Z",1.06909,1.06915
"exness","EURUSD","2023-06-01 00:31:11.934Z",1.0691,1.06915
"exness","EURUSD","2023-06-01 00:31:16.813Z",1.06908,1.06915
"exness","EURUSD","2023-06-01 00:31:16.846Z",1.06907,1.06913
"exness","EURUSD","2023-06-01 00:31:19.667Z",1.06905,1.06911
"exness","EURUSD","2023-06-01 00:31:20.849Z",1.06903,1.06909
"exness","EURUSD","2023-06-01 00:31:23.134Z",1.06905,1.0691
"exness","EURUSD","2023-06-01 00:31:27.638Z",1.06905,1.06911
"exness","EURUSD","2023-06-01 00:31:34.725Z",1.06907,1.06912
"exness","EURUSD","2023-06-01 00:31:36.760Z",1.06905,1.06911
"exness","EURUSD","2023-06-01 00:31:36.788Z",1.06903,1.0691
"exness","EURUSD","2023-06-01 00:31:36.815Z",1.06902,1.06908
"exness","EURUSD","2023-06-01 00:31:36.837Z",1.069,1.06907
"exness","EURUSD","2023-06-01 00:31:36.894Z",1.0689899999999999,1.06905
"exness","EURUSD","2023-06-01 00:31:37.056Z",1.0689899999999999,1.06904
"exness","EURUSD","2023-06-01 00:31:42.127Z",1.0689899999999999,1.06905
"exness","EURUSD","2023-06-01 00:31:43.125Z",1.06898,1.06904
"exness","EURUSD","2023-06-01 00:32:29.416Z",1.0689899999999999,1.06905
"exness","EURUSD","2023-06-01 00:32:29.442Z",1.06901,1.06907
"exness","EURUSD","2023-06-01 00:32:29.702Z",1.06902,1.06908
"exness","EURUSD","2023-06-01 00:32:29.830Z",1.06902,1.06907
"exness","EURUSD","2023-06-01 00:32:31.018Z",1.06901,1.06907
"exness","EURUSD","2023-06-01 00:32:46.910Z",1.06898,1.06904
"exness","EURUSD","2023-06-01 00:32:53.844Z",1.06896,1.06902
"exness","EURUSD","2023-06-01 00:32:55.315Z",1.06894,1.069
"exness","EURUSD","2023-06-01 00:32:57.475Z",1.06894,1.0689899999999999
"exness","EURUSD","2023-06-01 00:33:02.568Z",1.06894,1.069
"exness","EURUSD","2023-06-01 00:33:03.917Z",1.06893,1.0689899999999999
"exness","EURUSD","2023-06-01 00:33:14.732Z",1.06896,1.06902
"exness","EURUSD","2023-06-01 00:33:47.770Z",1.06895,1.069
"exness","EURUSD","2023-06-01 00:33:47.929Z",1.06894,1.069
"exness","EURUSD","2023-06-01 00:33:50.098Z",1.06893,1.06898
"exness","EURUSD","2023-06-01 00:33:53.854Z",1.06894,1.069
"exness","EURUSD","2023-06-01 00:34:01.414Z",1.06896,1.06902
"exness","EURUSD","2023-06-01 00:34:01.734Z",1.06897,1.06903
"exness","EURUSD","2023-06-01 00:34:02.737Z",1.06896,1.06902
"exness","EURUSD","2023-06-01 00:34:05.154Z",1.06896,1.06901
"exness","EURUSD","2023-06-01 00:34:16.763Z",1.06896,1.06902
"exness","EURUSD","2023-06-01 00:34:21.208Z",1.06896,1.06901
"exness","EURUSD","2023-06-01 00:34:34.631Z",1.06897,1.06903
"exness","EURUSD","2023-06-01 00:34:34.638Z",1.06898,1.06904
"exness","EURUSD","2023-06-01 00:34:34.676Z",1.069,1.06906
"exness","EURUSD","2023-06-01 00:34:37.640Z",1.06898,1.06905
"exness","EURUSD","2023-06-01 00:34:47.991Z",1.069,1.06906
"exness","EURUSD","2023-06-01 00:34:49.058Z",1.06901,1.06906
"exness","EURUSD","2023-06-01 00:35:10.029Z",1.06898,1.06904
"exness","EURUSD","2023-06-01 00:35:10.160Z",1.069,1.06906
"exness","EURUSD","2023-06-01 00:35:15.264Z",1.06898,1.06905
"exness","EURUSD","2023-06-01 00:35:16.423Z",1.06897,1.06903
"exness","EURUSD","2023-06-01 00:35:27.671Z",1.06896,1.06902
"exness","EURUSD","2023-06-01 00:35:41.570Z",1.06897,1.06903
"exness","EURUSD","2023-06-01 00:35:49.437Z",1.0689899999999999,1.06904
"exness","EURUSD","2023-06-01 00:35:49.448Z",1.0689899999999999,1.06905
"exness","EURUSD","2023-06-01 00:35:49.515Z",1.06901,1.06907
"exness","EURUSD","2023-06-01 00:35:50.397Z",1.06902,1.06907
"exness","EURUSD","2023-06-01 00:35:58.025Z",1.06904,1.0691
"exness","EURUSD","2023-06-01 00:35:59.208Z",1.06905,1.0691
"exness","EURUSD","2023-06-01 00:36:01.466Z",1.06905,1.06912
"exness","EURUSD","2023-06-01 00:36:02.110Z",1.06907,1.06913
"exness","EURUSD","2023-06-01 00:36:02.123Z",1.06908,1.06915
"exness","EURUSD","2023-06-01 00:36:02.211Z",1.0691,1.06915
"exness","EURUSD","2023-06-01 00:36:02.298Z",1.06911,1.06917
"exness","EURUSD","2023-06-01 00:36:05.856Z",1.0691,1.06915
"exness","EURUSD","2023-06-01 00:36:07.017Z",1.0691,1.06916
"exness","EURUSD","2023-06-01 00:36:10.504Z",1.06912,1.06917
"exness","EURUSD","2023-06-01 00:36:12.370Z",1.06912,1.06919
"exness","EURUSD","2023-06-01 00:36:12.626Z",1.06914,1.06919
"exness","EURUSD","2023-06-01 00:36:15.235Z",1.06914,1.06921
"exness","EURUSD","2023-06-01 00:36:20.239Z",1.06913,1.0692
"exness","EURUSD","2023-06-01 00:36:20.313Z",1.06913,1.06918
"exness","EURUSD","2023-06-01 00:36:21.077Z",1.06911,1.06917
"exness","EURUSD","2023-06-01 00:36:28.049Z",1.06912,1.06918
"exness","EURUSD","2023-06-01 00:36:34.505Z",1.06911,1.06916
"exness","EURUSD","2023-06-01 00:36:34.767Z",1.0691,1.06916
"exness","EURUSD","2023-06-01 00:36:34.812Z",1.06908,1.06914
"exness","EURUSD","2023-06-01 00:36:41.790Z",1.06906,1.06912
"exness","EURUSD","2023-06-01 00:36:46.646Z",1.06905,1.06911
"exness","EURUSD","2023-06-01 00:37:00.821Z",1.06907,1.06912
"exness","EURUSD","2023-06-01 00:37:01.836Z",1.06905,1.06912
"exness","EURUSD","2023-06-01 00:37:02.523Z",1.06904,1.0691
"exness","EURUSD","2023-06-01 00:37:04.574Z",1.06904,1.06909
"exness","EURUSD","2023-06-01 00:37:08.921Z",1.06904,1.0691
"exness","EURUSD","2023-06-01 00:37:14.221Z",1.06905,1.06912
"exness","EURUSD","2023-06-01 00:37:18.267Z",1.06905,1.0691
"exness","EURUSD","2023-06-01 00:37:19.450Z",1.06904,1.0691
"exness","EURUSD","2023-06-01 00:37:36.893Z",1.06905,1.06911
"exness","EURUSD","2023-06-01 00:37:51.221Z",1.06903,1.0691
"exness","EURUSD","2023-06-01 00:37:55.422Z",1.06905,1.06911
"exness","EURUSD","2023-06-01 00:37:58.954Z",1.06906,1.06911
"exness","EURUSD","2023-06-01 00:38:03.260Z",1.06905,1.06911
"exness","EURUSD","2023-06-01 00:38:06.890Z",1.06906,1.06911
"exness","EURUSD","2023-06-01 00:38:09.459Z",1.06905,1.06911
"exness","EURUSD","2023-06-01 00:38:25.865Z",1.06907,1.06913
"exness","EURUSD","2023-06-01 00:38:28.313Z",1.06906,1.06911
"exness","EURUSD","2023-06-01 00:38:35.526Z",1.06906,1.06913
"exness","EURUSD","2023-06-01 00:38:48.555Z",1.06905,1.06911
"exness","EURUSD","2023-06-01 00:38:54.255Z",1.06907,1.06912
"exness","EURUSD","2023-06-01 00:38:57.245Z",1.06908,1.06914
"exness","EURUSD","2023-06-01 00:38:58.064Z",1.06909,1.06916
"exness","EURUSD","2023-06-01 00:38:59.279Z",1.06911,1.06917
"exness","EURUSD","2023-06-01 00:39:00.417Z",1.06912,1.06919
"exness","EURUSD","2023-06-01 00:39:19.707Z",1.0691,1.06917
"exness","EURUSD","2023-06-01 00:39:33.015Z",1.06911,1.06918
"exness","EURUSD","2023-06-01 00:39:40.099Z",1.0691,1.06917
"exness","EURUSD","2023-06-01 00:39:40.280Z",1.06908,1.06915
"exness","EURUSD","2023-06-01 00:39:41.538Z",1.06907,1.06914
"exness","EURUSD","2023-06-01 00:39:53.872Z",1.06909,1.06915
"exness","EURUSD","2023-06-01 00:39:55.402Z",1.06908,1.06913
"exness","EURUSD","2023-06-01 00:40:02.260Z",1.0691,1.06916
"exness","EURUSD","2023-06-01 00:40:05.711Z",1.06908,1.06915
"exness","EURUSD","2023-06-01 00:40:07.223Z",1.06906,1.06912
"exness","EURUSD","2023-06-01 00:40:09.917Z",1.06905,1.0691
"exness","EURUSD","2023-06-01 00:40:19.224Z",1.06904,1.0691
"exness","EURUSD","2023-06-01 00:40:24.648Z",1.06906,1.06912
"exness","EURUSD","2023-06-01 00:40:26.673Z",1.06906,1.06911
"exness","EURUSD","2023-06-01 00:40:28.284Z",1.06905,1.06911
"exness","EURUSD","2023-06-01 00:40:38.137Z",1.06904,1.0691
"exness","EURUSD","2023-06-01 00:40:47.384Z",1.06905,1.06911
"exness","EURUSD","2023-06-01 00:40:57.068Z",1.06903,1.06909
"exness","EURUSD","2023-06-01 00:40:57.100Z",1.06902,1.06908
"exness","EURUSD","2023-06-01 00:40:58.437Z",1.0689899999999999,1.06905
"exness","EURUSD","2023-06-01 00:40:58.449Z",1.0689899999999999,1.06904
"exness","EURUSD","2023-06-01 00:40:58.498Z",1.06897,1.06903
"exness","EURUSD","2023-06-01 00:41:01.156Z",1.0689899999999999,1.06905
"exness","EURUSD","2023-06-01 00:41:06.848Z",1.069,1.06905
"exness","EURUSD","2023-06-01 00:41:12.966Z",1.069,1.06906
"exness","EURUSD","2023-06-01 00:41:13.752Z",1.06902,1.06907
"exness","EURUSD","2023-06-01 00:41:13.984Z",1.06902,1.06908
"exness","EURUSD","2023-06-01 00:41:15.051Z",1.06903,1.06908
"exness","EURUSD","2023-06-01 00:41:17.406Z",1.06901,1.06907
"exness","EURUSD","2023-06-01 00:41:20.000Z",1.0689899999999999,1.06904
"exness","EURUSD","2023-06-01 00:41:22.296Z",1.06901,1.06907
"exness","EURUSD","2023-06-01 00:41:23.344Z",1.069,1.06906
"exness","EURUSD","2023-06-01 00:41:25.713Z",1.069,1.06905
"exness","EURUSD","2023-06-01 00:41:26.760Z",1.06898,1.06904
"exness","EURUSD","2023-06-01 00:41:31.051Z",1.06897,1.06903
"exness","EURUSD","2023-06-01 00:41:32.135Z",1.06897,1.06902
"exness","EURUSD","2023-06-01 00:41:37.518Z",1.06895,1.06901
"exness","EURUSD","2023-06-01 00:41:49.854Z",1.06897,1.06904
"exness","EURUSD","2023-06-01 00:42:04.282Z",1.06896,1.06902
"exness","EURUSD","2023-06-01 00:42:05.667Z",1.06895,1.06901
"exness","EURUSD","2023-06-01 00:42:05.861Z",1.06896,1.06902
"exness","EURUSD","2023-06-01 00:42:06.605Z",1.06898,1.06903
"exness","EURUSD","2023-06-01 00:42:07.611Z",1.06898,1.06904
"exness","EURUSD","2023-06-01 00:42:19.908Z",1.0689899999999999,1.06905
"exness","EURUSD","2023-06-01 00:42:22.780Z",1.0689899999999999,1.06904
"exness","EURUSD","2023-06-01 00:42:31.971Z",1.0689899999999999,1.06905
"exness","EURUSD","2023-06-01 00:42:38.138Z",1.069,1.06907
"exness","EURUSD","2023-06-01 00:42:40.815Z",1.0689899999999999,1.06905
"exness","EURUSD","2023-06-01 00:42:41.999Z",1.06898,1.06903
"exness","EURUSD","2023-06-01 00:42:42.025Z",1.06898,1.06905
"exness","EURUSD","2023-06-01 00:42:42.925Z",1.069,1.06905
"exness","EURUSD","2023-06-01 00:42:50.508Z",1.0689899999999999,1.06905
"exness","EURUSD","2023-06-01 00:43:02.222Z",1.069,1.06906
"exness","EURUSD","2023-06-01 00:43:13.893Z",1.06898,1.06904
"exness","EURUSD","2023-06-01 00:43:13.923Z",1.06896,1.06903
"exness","EURUSD","2023-06-01 00:43:14.996Z",1.06895,1.06901
"exness","EURUSD","2023-06-01 00:43:16.008Z",1.06895,1.069
"exness","EURUSD","2023-06-01 00:43:19.151Z",1.06892,1.0689899999999999
"exness","EURUSD","2023-06-01 00:43:47.169Z",1.06894,1.069
"exness","EURUSD","2023-06-01 00:43:48.107Z",1.06896,1.06901
"exness","EURUSD","2023-06-01 00:43:55.684Z",1.06894,1.069
"exness","EURUSD","2023-06-01 00:43:57.501Z",1.06892,1.06898
"exness","EURUSD","2023-06-01 00:43:59.633Z",1.06892,1.06897
"exness","EURUSD","2023-06-01 00:44:02.269Z",1.0689,1.06896
"exness","EURUSD","2023-06-01 00:44:02.436Z",1.06888,1.06895
"exness","EURUSD","2023-06-01 00:44:03.177Z",1.06888,1.06893
"exness","EURUSD","2023-06-01 00:44:05.272Z",1.06888,1.06894
"exness","EURUSD","2023-06-01 00:44:20.950Z",1.06887,1.06893
"exness","EURUSD","2023-06-01 00:44:21.901Z",1.06886,1.06891
"exness","EURUSD","2023-06-01 00:44:21.928Z",1.06885,1.06891
"exness","EURUSD","2023-06-01 00:44:22.984Z",1.06883,1.0688900000000001
"exness","EURUSD","2023-06-01 00:44:23.110Z",1.06881,1.06887
"exness","EURUSD","2023-06-01 00:44:24.159Z",1.06881,1.06886
"exness","EURUSD","2023-06-01 00:44:24.744Z",1.06881,1.06888
"exness","EURUSD","2023-06-01 00:44:28.110Z",1.06883,1.0688900000000001
"exness","EURUSD","2023-06-01 00:44:31.599Z",1.06884,1.0688900000000001
"exness","EURUSD","2023-06-01 00:44:47.230Z",1.06885,1.06891
"exness","EURUSD","2023-06-01 00:44:57.302Z",1.06887,1.06892
"exness","EURUSD","2023-06-01 00:45:01.053Z",1.06886,1.06892
"exness","EURUSD","2023-06-01 00:45:09.146Z",1.06887,1.06894
"exness","EURUSD","2023-06-01 00:45:14.049Z",1.0688900000000001,1.06895
"exness","EURUSD","2023-06-01 00:45:18.368Z",1.06887,1.06893
"exness","EURUSD","2023-06-01 00:45:29.380Z",1.06885,1.06891
"exness","EURUSD","2023-06-01 00:45:29.609Z",1.06883,1.0689
"exness","EURUSD","2023-06-01 00:45:29.706Z",1.06883,1.06888
"exness","EURUSD","2023-06-01 00:45:29.968Z",1.06881,1.06888
"exness","EURUSD","2023-06-01 00:45:30.160Z",1.06881,1.06886
"exness","EURUSD","2023-06-01 00:45:33.769Z",1.06882,1.06888
"exness","EURUSD","2023-06-01 00:45:33.877Z",1.06883,1.06888
"exness","EURUSD","2023-06-01 00:45:35.912Z",1.06884,1.0689
"exness","EURUSD","2023-06-01 00:45:36.478Z",1.06885,1.0689
"exness","EURUSD","2023-06-01 00:45:38.856Z",1.06886,1.06892
"exness","EURUSD","2023-06-01 00:45:39.122Z",1.06887,1.06892
"exness","EURUSD","2023-06-01 00:45:40.152Z",1.06886,1.06893
"exness","EURUSD","2023-06-01 00:45:49.453Z",1.06888,1.06894
"exness","EURUSD","2023-06-01 00:45:51.373Z",1.0688900000000001,1.06895
"exness","EURUSD","2023-06-01 00:46:02.557Z",1.06888,1.06893
"exness","EURUSD","2023-06-01 00:46:03.174Z",1.06888,1.06894
"exness","EURUSD","2023-06-01 00:46:30.470Z",1.06886,1.06893
"exness","EURUSD","2023-06-01 00:46:54.063Z",1.06888,1.06893
"exness","EURUSD","2023-06-01 00:47:16.627Z",1.06888,1.06894
"exness","EURUSD","2023-06-01 00:47:27.214Z",1.06886,1.06892
"exness","EURUSD","2023-06-01 00:47:30.074Z",1.06887,1.06893
"exness","EURUSD","2023-06-01 00:47:37.454Z",1.0688900000000001,1.06895
"exness","EURUSD","2023-06-01 00:47:38.538Z",1.0688900000000001,1.06894
"exness","EURUSD","2023-06-01 00:47:45.700Z",1.0688900000000001,1.06896
"exness","EURUSD","2023-06-01 00:47:47.282Z",1.06892,1.06897
"exness","EURUSD","2023-06-01 00:48:05.468Z",1.0688900000000001,1.06895
"exness","EURUSD","2023-06-01 00:48:14.459Z",1.0689,1.06897
"exness","EURUSD","2023-06-01 00:48:21.533Z",1.06892,1.06898
"exness","EURUSD","2023-06-01 00:48:21.542Z",1.06894,1.069
"exness","EURUSD","2023-06-01 00:48:21.580Z",1.06895,1.06901
"exness","EURUSD","2023-06-01 00:48:36.562Z",1.06894,1.069
"exness","EURUSD","2023-06-01 00:48:45.136Z",1.06895,1.06901
"exness","EURUSD","2023-06-01 00:49:21.340Z",1.06894,1.069
"exness","EURUSD","2023-06-01 00:49:26.363Z",1.06894,1.0689899999999999
"exness","EURUSD","2023-06-01 00:49:32.130Z",1.06891,1.06897
"exness","EURUSD","2023-06-01 00:49:40.074Z",1.06891,1.06896
"exness","EURUSD","2023-06-01 00:49:50.617Z",1.0688900000000001,1.06895
"exness","EURUSD","2023-06-01 00:49:51.778Z",1.06887,1.06893
"exness","EURUSD","2023-06-01 00:49:55.383Z",1.06888,1.06895
"exness","EURUSD","2023-06-01 00:49:56.503Z",1.0688900000000001,1.06896
"exness","EURUSD","2023-06-01 00:50:00.806Z",1.06891,1.06896
"exness","EURUSD","2023-06-01 00:50:02.900Z",1.06891,1.06897
"exness","EURUSD","2023-06-01 00:50:03.753Z",1.0688900000000001,1.06896
"exness","EURUSD","2023-06-01 00:50:06.263Z",1.06888,1.06895
"exness","EURUSD","2023-06-01 00:50:08.126Z",1.0689,1.06896
"exness","EURUSD","2023-06-01 00:50:08.477Z",1.06892,1.06897
"exness","EURUSD","2023-06-01 00:50:11.769Z",1.06891,1.06897
"exness","EURUSD","2023-06-01 00:50:14.965Z",1.0688900000000001,1.06895
"exness","EURUSD","2023-06-01 00:50:20.163Z",1.0689,1.06897
"exness","EURUSD","2023-06-01 00:50:23.196Z",1.0688900000000001,1.06895
"exness","EURUSD","2023-06-01 00:50:23.883Z",1.0688900000000001,1.06894
"exness","EURUSD","2023-06-01 00:50:44.924Z",1.0689,1.06896
"exness","EURUSD","2023-06-01 00:50:46.059Z",1.06888,1.06894
"exness","EURUSD","2023-06-01 00:50:47.147Z",1.0689,1.06896
"exness","EURUSD","2023-06-01 00:50:47.472Z",1.06891,1.06896
"exness","EURUSD","2023-06-01 00:50:47.593Z",1.06891,1.06898
"exness","EURUSD","2023-06-01 00:50:48.653Z",1.06894,1.069
"exness","EURUSD","2023-06-01 00:50:49.851Z",1.06895,1.06901
"exness","EURUSD","2023-06-01 00:50:54.001Z",1.06896,1.06901
"exness","EURUSD","2023-06-01 00:50:54.089Z",1.06897,1.06903
"exness","EURUSD","2023-06-01 00:51:05.649Z",1.06898,1.06903
"exness","EURUSD","2023-06-01 00:51:17.056Z",1.06897,1.06903
"exness","EURUSD","2023-06-01 00:51:19.860Z",1.06895,1.06901
"exness","EURUSD","2023-06-01 00:51:19.955Z",1.06894,1.0689899999999999
"exness","EURUSD","2023-06-01 00:51:24.926Z",1.06894,1.069
"exness","EURUSD","2023-06-01 00:51:36.125Z",1.06896,1.06903
"exness","EURUSD","2023-06-01 00:51:36.133Z",1.06898,1.06904
"exness","EURUSD","2023-06-01 00:51:36.213Z",1.069,1.06905
"exness","EURUSD","2023-06-01 00:51:40.838Z",1.069,1.06906
"exness","EURUSD","2023-06-01 00:51:44.681Z",1.06901,1.06907
"exness","EURUSD","2023-06-01 00:51:54.411Z",1.06902,1.06909
"exness","EURUSD","2023-06-01 00:51:54.935Z",1.06904,1.06909
"exness","EURUSD","2023-06-01 00:51:57.839Z",1.06905,1.06911
"exness","EURUSD","2023-06-01 00:52:14.342Z",1.06904,1.06909
"exness","EURUSD","2023-06-01 00:52:16.039Z",1.06902,1.06908
"exness","EURUSD","2023-06-01 00:52:16.250Z",1.06901,1.06906
"exness","EURUSD","2023-06-01 00:52:20.869Z",1.06901,1.06908
"exness","EURUSD","2023-06-01 00:52:22.005Z",1.069,1.06906
"exness","EURUSD","2023-06-01 00:52:27.609Z",1.0689899999999999,1.06905
"exness","EURUSD","2023-06-01 00:52:29.903Z",1.06898,1.06904
"exness","EURUSD","2023-06-01 00:52:37.128Z",1.06896,1.06902
"exness","EURUSD","2023-06-01 00:52:40.310Z",1.06898,1.06904
"exness","EURUSD","2023-06-01 00:52:42.383Z",1.0689899999999999,1.06904
"exness","EURUSD","2023-06-01 00:52:43.156Z",1.06898,1.06904
"exness","EURUSD","2023-06-01 00:52:43.183Z",1.06897,1.06902
"exness","EURUSD","2023-06-01 00:52:43.519Z",1.06896,1.06902
"exness","EURUSD","2023-06-01 00:52:54.234Z",1.06898,1.06904
"exness","EURUSD","2023-06-01 00:52:54.257Z",1.069,1.06905
"exness","EURUSD","2023-06-01 00:52:54.660Z",1.069,1.06906
"exness","EURUSD","2023-06-01 00:52:55.718Z",1.06901,1.06906
"exness","EURUSD","2023-06-01 00:52:58.522Z",1.069,1.06905
"exness","EURUSD","2023-06-01 00:52:58.581Z",1.06898,1.06905
"exness","EURUSD","2023-06-01 00:52:59.593Z",1.06898,1.06903
"exness","EURUSD","2023-06-01 00:53:00.661Z",1.06897,1.06903
"exness","EURUSD","2023-06-01 00:53:03.778Z",1.06896,1.06902
"exness","EURUSD","2023-06-01 00:53:04.550Z",1.06896,1.06901
"exness","EURUSD","2023-06-01 00:53:11.273Z",1.06895,1.06901
"exness","EURUSD","2023-06-01 00:53:13.965Z",1.06893,1.06898
"exness","EURUSD","2023-06-01 00:53:16.827Z",1.06894,1.069
"exness","EURUSD","2023-06-01 00:53:17.721Z",1.06892,1.06898
"exness","EURUSD","2023-06-01 00:53:18.839Z",1.06891,1.06897
"exness","EURUSD","2023-06-01 00:53:22.282Z",1.0688900000000001,1.06895
"exness","EURUSD","2023-06-01 00:53:22.301Z",1.06888,1.06894
"exness","EURUSD","2023-06-01 00:53:22.316Z",1.06886,1.06892
"exness","EURUSD","2023-06-01 00:53:25.588Z",1.0688900000000001,1.06895
"exness","EURUSD","2023-06-01 00:53:26.179Z",1.0689,1.06896
"exness","EURUSD","2023-06-01 00:53:28.533Z",1.0688900000000001,1.06895
"exness","EURUSD","2023-06-01 00:53:28.673Z",1.06887,1.06893
"exness","EURUSD","2023-06-01 00:53:30.077Z",1.06888,1.06894
"exness","EURUSD","2023-06-01 00:53:32.987Z",1.0688900000000001,1.06895
"exness","EURUSD","2023-06-01 00:53:43.386Z",1.0688900000000001,1.06894
"exness","EURUSD","2023-06-01 00:53:45.834Z",1.0688900000000001,1.06896
"exness","EURUSD","2023-06-01 00:53:46.592Z",1.06888,1.06894
"exness","EURUSD","2023-06-01 00:53:46.668Z",1.06887,1.06892
"exness","EURUSD","2023-06-01 00:54:04.549Z",1.06887,1.06893
"exness","EURUSD","2023-06-01 00:54:04.911Z",1.0688900000000001,1.06895
"exness","EURUSD","2023-06-01 00:54:05.062Z",1.0689,1.06895
"exness","EURUSD","2023-06-01 00:54:07.260Z",1.0688900000000001,1.06895
"exness","EURUSD","2023-06-01 00:54:09.663Z",1.06887,1.06893
"exness","EURUSD","2023-06-01 00:54:09.774Z",1.06887,1.06892
"exness","EURUSD","2023-06-01 00:54:10.783Z",1.06886,1.06892
"exness","EURUSD","2023-06-01 00:54:15.847Z",1.06884,1.0689
"exness","EURUSD","2023-06-01 00:54:16.455Z",1.06884,1.0688900000000001
"exness","EURUSD","2023-06-01 00:54:19.921Z",1.06882,1.06888
"exness","EURUSD","2023-06-01 00:54:20.067Z",1.06881,1.06886
"exness","EURUSD","2023-06-01 00:54:20.079Z",1.06879,1.06885
"exness","EURUSD","2023-06-01 00:54:20.113Z",1.06879,1.06884
"exness","EURUSD","2023-06-01 00:54:20.286Z",1.06877,1.06883
"exness","EURUSD","2023-06-01 00:54:21.763Z",1.06877,1.06882
"exness","EURUSD","2023-06-01 00:54:24.518Z",1.06876,1.06882
"exness","EURUSD","2023-06-01 00:54:24.543Z",1.06874,1.06881
"exness","EURUSD","2023-06-01 00:54:25.741Z",1.06873,1.06879
"exness","EURUSD","2023-06-01 00:54:26.656Z",1.06875,1.0688
"exness","EURUSD","2023-06-01 00:54:29.976Z",1.06875,1.06881
"exness","EURUSD","2023-06-01 00:54:31.422Z",1.06873,1.0688
"exness","EURUSD","2023-06-01 00:54:32.173Z",1.06872,1.06878
"exness","EURUSD","2023-06-01 00:54:32.184Z",1.0687,1.06876
"exness","EURUSD","2023-06-01 00:54:32.199Z",1.06872,1.06877
"exness","EURUSD","2023-06-01 00:54:32.218Z",1.06873,1.06879
"exness","EURUSD","2023-06-01 00:54:33.194Z",1.06874,1.0688
"exness","EURUSD","2023-06-01 00:54:33.289Z",1.06876,1.06882
"exness","EURUSD","2023-06-01 00:54:33.433Z",1.06877,1.06882
"exness","EURUSD","2023-06-01 00:54:33.465Z",1.06876,1.06881
"exness","EURUSD","2023-06-01 00:54:35.642Z",1.06875,1.06881
"exness","EURUSD","2023-06-01 00:54:36.173Z",1.06874,1.06879
"exness","EURUSD","2023-06-01 00:54:37.189Z",1.06872,1.06879
"exness","EURUSD","2023-06-01 00:54:37.356Z",1.06871,1.06877
"exness","EURUSD","2023-06-01 00:54:39.828Z",1.06873,1.0688
"exness","EURUSD","2023-06-01 00:54:39.940Z",1.06875,1.0688
"exness","EURUSD","2023-06-01 00:54:39.959Z",1.06875,1.06882
"exness","EURUSD","2023-06-01 00:54:40.872Z",1.06874,1.0688
"exness","EURUSD","2023-06-01 00:54:40.946Z",1.06873,1.06878
"exness","EURUSD","2023-06-01 00:54:41.165Z",1.06872,1.06878
"exness","EURUSD","2023-06-01 00:54:42.157Z",1.0687,1.06876
"exness","EURUSD","2023-06-01 00:54:43.000Z",1.06872,1.06878
"exness","EURUSD","2023-06-01 00:54:43.179Z",1.06871,1.06876
"exness","EURUSD","2023-06-01 00:54:45.199Z",1.06872,1.06878
"exness","EURUSD","2023-06-01 00:54:46.161Z",1.06873,1.06878
"exness","EURUSD","2023-06-01 00:54:46.731Z",1.06874,1.0688
"exness","EURUSD","2023-06-01 00:54:49.157Z",1.06872,1.06879
"exness","EURUSD","2023-06-01 00:54:49.280Z",1.06874,1.06879
"exness","EURUSD","2023-06-01 00:54:50.294Z",1.06874,1.0688
"exness","EURUSD","2023-06-01 00:54:50.380Z",1.06873,1.06879
"exness","EURUSD","2023-06-01 00:54:50.808Z",1.06874,1.0688
"exness","EURUSD","2023-06-01 00:54:51.172Z",1.06876,1.06881
"exness","EURUSD","2023-06-01 00:54:53.036Z",1.06874,1.0688
"exness","EURUSD","2023-06-01 00:54:53.535Z",1.06875,1.0688
"exness","EURUSD","2023-06-01 00:54:54.169Z",1.06873,1.0688
"exness","EURUSD","2023-06-01 00:54:54.235Z",1.06873,1.06878
"exness","EURUSD","2023-06-01 00:54:56.162Z",1.06871,1.06877
"exness","EURUSD","2023-06-01 00:54:56.241Z",1.0687,1.06875
"exness","EURUSD","2023-06-01 00:54:57.355Z",1.0687,1.06877
"exness","EURUSD","2023-06-01 00:54:58.581Z",1.06869,1.06874
"exness","EURUSD","2023-06-01 00:54:59.146Z",1.06868,1.06874
"exness","EURUSD","2023-06-01 00:54:59.151Z",1.06866,1.06872
"exness","EURUSD","2023-06-01 00:54:59.178Z",1.06864,1.06871
"exness","EURUSD","2023-06-01 00:54:59.230Z",1.06866,1.06872
"exness","EURUSD","2023-06-01 00:54:59.382Z",1.06868,1.06874
"exness","EURUSD","2023-06-01 00:54:59.449Z",1.06869,1.06876
"exness","EURUSD","2023-06-01 00:54:59.874Z",1.06871,1.06877
"exness","EURUSD","2023-06-01 00:55:00.035Z",1.06869,1.06876
"exness","EURUSD","2023-06-01 00:55:00.041Z",1.06868,1.06874
"exness","EURUSD","2023-06-01 00:55:00.046Z",1.06866,1.06872
"exness","EURUSD","2023-06-01 00:55:00.084Z",1.06865,1.06871
"exness","EURUSD","2023-06-01 00:55:00.222Z",1.06866,1.06873
"exness","EURUSD","2023-06-01 00:55:00.232Z",1.06868,1.06874
"exness","EURUSD","2023-06-01 00:55:00.292Z",1.0687,1.06875
"exness","EURUSD","2023-06-01 00:55:00.710Z",1.0687,1.06876
"exness","EURUSD","2023-06-01 00:55:00.757Z",1.06872,1.06878
"exness","EURUSD","2023-06-01 00:55:00.897Z",1.06873,1.0688
"exness","EURUSD","2023-06-01 00:55:01.600Z",1.06872,1.06878
"exness","EURUSD","2023-06-01 00:55:01.633Z",1.0687,1.06876
"exness","EURUSD","2023-06-01 00:55:01.663Z",1.06868,1.06874
"exness","EURUSD","2023-06-01 00:55:01.679Z",1.06867,1.06873
"exness","EURUSD","2023-06-01 00:55:01.871Z",1.06865,1.0687
"exness","EURUSD","2023-06-01 00:55:02.564Z",1.06866,1.06872
"exness","EURUSD","2023-06-01 00:55:02.719Z",1.06867,1.06873
"exness","EURUSD","2023-06-01 00:55:02.763Z",1.06869,1.06874
"exness","EURUSD","2023-06-01 00:55:02.995Z",1.06869,1.06875
"exness","EURUSD","2023-06-01 00:55:03.211Z",1.06871,1.06877
"exness","EURUSD","2023-06-01 00:55:03.976Z",1.06872,1.06877
"exness","EURUSD","2023-06-01 00:55:05.428Z",1.06873,1.0688
"exness","EURUSD","2023-06-01 00:55:06.949Z",1.06872,1.06878
"exness","EURUSD","2023-06-01 00:55:11.936Z",1.06869,1.06875
"exness","EURUSD","2023-06-01 00:55:11.952Z",1.06867,1.06874
"exness","EURUSD","2023-06-01 00:55:12.168Z",1.06869,1.06875
"exness","EURUSD","2023-06-01 00:55:12.290Z",1.06871,1.06877
"exness","EURUSD","2023-06-01 00:55:13.342Z",1.06872,1.06878
"exness","EURUSD","2023-06-01 00:55:17.041Z",1.0687,1.06876
"exness","EURUSD","2023-06-01 00:55:17.760Z",1.0687,1.06875
"exness","EURUSD","2023-06-01 00:55:17.957Z",1.06868,1.06875
"exness","EURUSD","2023-06-01 00:55:17.997Z",1.06868,1.06873
"exness","EURUSD","2023-06-01 00:55:18.135Z",1.06866,1.06873
"exness","EURUSD","2023-06-01 00:55:19.562Z",1.06868,1.06873
"exness","EURUSD","2023-06-01 00:55:21.807Z",1.06867,1.06873
"exness","EURUSD","2023-06-01 00:55:22.570Z",1.06865,1.06871
"exness","EURUSD","2023-06-01 00:55:22.878Z",1.06865,1.0687
"exness","EURUSD","2023-06-01 00:55:23.989Z",1.06865,1.06871
"exness","EURUSD","2023-06-01 00:55:24.724Z",1.06866,1.06873
"exness","EURUSD","2023-06-01 00:55:24.968Z",1.06868,1.06873
"exness","EURUSD","2023-06-01 00:55:25.468Z",1.06866,1.06873
"exness","EURUSD","2023-06-01 00:55:26.605Z",1.06864,1.06871
"exness","EURUSD","2023-06-01 00:55:26.630Z",1.06864,1.06869
"exness","EURUSD","2023-06-01 00:55:27.628Z",1.06863,1.06869
"exness","EURUSD","2023-06-01 00:55:30.654Z",1.06864,1.0687
"exness","EURUSD","2023-06-01 00:55:31.377Z",1.06863,1.06868
"exness","EURUSD","2023-06-01 00:55:39.488Z",1.06864,1.0687
"exness","EURUSD","2023-06-01 00:55:39.774Z",1.06864,1.06869
"exness","EURUSD","2023-06-01 00:55:40.217Z",1.06864,1.0687
"exness","EURUSD","2023-06-01 00:55:45.463Z",1.06865,1.06872
"exness","EURUSD","2023-06-01 00:55:45.762Z",1.06867,1.06873
"exness","EURUSD","2023-06-01 00:55:47.042Z",1.06865,1.06871
"exness","EURUSD","2023-06-01 00:55:47.064Z",1.06863,1.06869
"exness","EURUSD","2023-06-01 00:55:48.087Z",1.06863,1.06868
"exness","EURUSD","2023-06-01 00:55:52.046Z",1.06861,1.06867
"exness","EURUSD","2023-06-01 00:55:52.071Z",1.06859,1.06865
"exness","EURUSD","2023-06-01 00:55:52.128Z",1.06861,1.06866
"exness","EURUSD","2023-06-01 00:55:55.041Z",1.06861,1.06867
"exness","EURUSD","2023-06-01 00:56:00.023Z",1.06862,1.06869
"exness","EURUSD","2023-06-01 00:56:00.300Z",1.06864,1.06869
"exness","EURUSD","2023-06-01 00:56:01.013Z",1.06863,1.06869
"exness","EURUSD","2023-06-01 00:56:02.670Z",1.06864,1.0687
"exness","EURUSD","2023-06-01 00:56:02.698Z",1.06866,1.06872
"exness","EURUSD","2023-06-01 00:56:02.767Z",1.06867,1.06874
"exness","EURUSD","2023-06-01 00:56:03.309Z",1.06869,1.06874
"exness","EURUSD","2023-06-01 00:56:03.325Z",1.06867,1.06874
"exness","EURUSD","2023-06-01 00:56:04.408Z",1.06866,1.06872
"exness","EURUSD","2023-06-01 00:56:05.486Z",1.06869,1.06875
"exness","EURUSD","2023-06-01 00:56:06.518Z",1.06867,1.06874
"exness","EURUSD","2023-06-01 00:56:07.571Z",1.06866,1.06873
"exness","EURUSD","2023-06-01 00:56:09.897Z",1.06864,1.0687
"exness","EURUSD","2023-06-01 00:56:09.901Z",1.06863,1.06869
"exness","EURUSD","2023-06-01 00:56:09.947Z",1.06861,1.06867
"exness","EURUSD","2023-06-01 00:56:09.969Z",1.0686,1.06866
"exness","EURUSD","2023-06-01 00:56:11.004Z",1.06861,1.06867
"exness","EURUSD","2023-06-01 00:56:14.691Z",1.06863,1.06869
"exness","EURUSD","2023-06-01 00:56:14.721Z",1.06864,1.06871
"exness","EURUSD","2023-06-01 00:56:15.190Z",1.06864,1.06869
"exness","EURUSD","2023-06-01 00:56:15.250Z",1.06862,1.06868
"exness","EURUSD","2023-06-01 00:56:15.419Z",1.0686,1.06867
"exness","EURUSD","2023-06-01 00:56:15.444Z",1.06859,1.06865
"exness","EURUSD","2023-06-01 00:56:15.492Z",1.06857,1.06863
"exness","EURUSD","2023-06-01 00:56:16.825Z",1.06857,1.06862
"exness","EURUSD","2023-06-01 00:56:17.836Z",1.06855,1.06861
"exness","EURUSD","2023-06-01 00:56:27.838Z",1.06856,1.06862
"exness","EURUSD","2023-06-01 00:56:35.359Z",1.06856,1.06861
"exness","EURUSD","2023-06-01 00:56:44.248Z",1.06858,1.06864
"exness","EURUSD","2023-06-01 00:56:44.272Z",1.06859,1.06865
"exness","EURUSD","2023-06-01 00:56:45.267Z",1.06857,1.06864
"exness","EURUSD","2023-06-01 00:56:45.271Z",1.06856,1.06862
"exness","EURUSD","2023-06-01 00:56:45.295Z",1.06854,1.0686
"exness","EURUSD","2023-06-01 00:56:45.521Z",1.06856,1.06861
"exness","EURUSD","2023-06-01 00:56:51.254Z",1.06856,1.06862
"exness","EURUSD","2023-06-01 00:56:56.959Z",1.06858,1.06864
"exness","EURUSD","2023-06-01 00:56:56.991Z",1.06859,1.06866
"exness","EURUSD","2023-06-01 00:57:00.284Z",1.06857,1.06864
"exness","EURUSD","2023-06-01 00:57:00.290Z",1.06856,1.06862
"exness","EURUSD","2023-06-01 00:57:00.298Z",1.06854,1.0686
"exness","EURUSD","2023-06-01 00:57:00.321Z",1.06852,1.06858
"exness","EURUSD","2023-06-01 00:57:00.506Z",1.06854,1.0686
"exness","EURUSD","2023-06-01 00:57:00.534Z",1.06855,1.06861
"exness","EURUSD","2023-06-01 00:57:00.569Z",1.06857,1.06863
"exness","EURUSD","2023-06-01 00:57:00.592Z",1.06859,1.06864
"exness","EURUSD","2023-06-01 00:57:00.794Z",1.06857,1.06863
"exness","EURUSD","2023-06-01 00:57:02.742Z",1.06858,1.06865
"exness","EURUSD","2023-06-01 00:57:02.781Z",1.0686,1.06866
"exness","EURUSD","2023-06-01 00:57:02.821Z",1.06862,1.06868
"exness","EURUSD","2023-06-01 00:57:02.837Z",1.06863,1.06869
"exness","EURUSD","2023-06-01 00:57:02.983Z",1.06865,1.0687
"exness","EURUSD","2023-06-01 00:57:03.140Z",1.06865,1.06872
"exness","EURUSD","2023-06-01 00:57:03.367Z",1.06867,1.06873
"exness","EURUSD","2023-06-01 00:57:08.121Z",1.06869,1.06876
"exness","EURUSD","2023-06-01 00:57:08.254Z",1.06871,1.06877
"exness","EURUSD","2023-06-01 00:57:08.360Z",1.06869,1.06876
"exness","EURUSD","2023-06-01 00:57:08.366Z",1.06868,1.06874
"exness","EURUSD","2023-06-01 00:57:08.388Z",1.06866,1.06872
"exness","EURUSD","2023-06-01 00:57:08.441Z",1.06868,1.06874
"exness","EURUSD","2023-06-01 00:57:08.649Z",1.06869,1.06876
"exness","EURUSD","2023-06-01 00:57:09.605Z",1.06868,1.06874
"exness","EURUSD","2023-06-01 00:57:09.715Z",1.06868,1.06873
"exness","EURUSD","2023-06-01 00:57:17.207Z",1.06867,1.06874
"exness","EURUSD","2023-06-01 00:57:22.482Z",1.06867,1.06872
"exness","EURUSD","2023-06-01 00:57:26.201Z",1.06867,1.06874
"exness","EURUSD","2023-06-01 00:57:36.532Z",1.06869,1.06875
"exness","EURUSD","2023-06-01 00:57:44.207Z",1.0687,1.06875
"exness","EURUSD","2023-06-01 00:57:45.669Z",1.06871,1.06877
"exness","EURUSD","2023-06-01 00:57:47.794Z",1.06871,1.06876
"exness","EURUSD","2023-06-01 00:58:28.313Z",1.06868,1.06875
"exness","EURUSD","2023-06-01 00:58:28.354Z",1.06867,1.06873
"exness","EURUSD","2023-06-01 00:58:31.849Z",1.06867,1.06872
"exness","EURUSD","2023-06-01 00:58:33.662Z",1.06865,1.06872
"exness","EURUSD","2023-06-01 00:58:46.956Z",1.06863,1.0687
"exness","EURUSD","2023-06-01 00:58:46.981Z",1.06862,1.06868
"exness","EURUSD","2023-06-01 00:59:01.338Z",1.06864,1.0687
"exness","EURUSD","2023-06-01 00:59:03.622Z",1.06866,1.06872
"exness","EURUSD","2023-06-01 00:59:04.871Z",1.06867,1.06873
"exness","EURUSD","2023-06-01 00:59:07.954Z",1.06869,1.06875
"exness","EURUSD","2023-06-01 00:59:13.767Z",1.06867,1.06873
"exness","EURUSD","2023-06-01 00:59:14.363Z",1.06868,1.06873
"exness","EURUSD","2023-06-01 00:59:18.412Z",1.06866,1.06872
"exness","EURUSD","2023-06-01 00:59:22.710Z",1.06867,1.06874
"exness","EURUSD","2023-06-01 00:59:33.380Z",1.06866,1.06872
"exness","EURUSD","2023-06-01 00:59:40.941Z",1.06865,1.06871
"exness","EURUSD","2023-06-01 00:59:49.048Z",1.06866,1.06872
"exness","EURUSD","2023-06-01 00:59:49.143Z",1.06868,1.06873
"exness","EURUSD","2023-06-01 00:59:50.832Z",1.06866,1.06872
"exness","EURUSD","2023-06-01 00:59:53.296Z",1.06864,1.06871
"exness","EURUSD","2023-06-01 00:59:54.061Z",1.06864,1.06869
"exness","EURUSD","2023-06-01 00:59:55.096Z",1.06862,1.06868
"exness","EURUSD","2023-06-01 01:00:05.193Z",1.06861,1.06867
"exness","EURUSD","2023-06-01 01:00:10.750Z",1.06861,1.06866
"exness","EURUSD","2023-06-01 01:00:14.151Z",1.06861,1.06868
"exness","EURUSD","2023-06-01 01:00:14.571Z",1.06863,1.06868
"exness","EURUSD","2023-06-01 01:00:20.152Z",1.06862,1.06868
"exness","EURUSD","2023-06-01 01:00:23.959Z",1.06863,1.06869
"exness","EURUSD","2023-06-01 01:00:24.701Z",1.06863,1.06868
"exness","EURUSD","2023-06-01 01:00:27.662Z",1.06864,1.0687
"exness","EURUSD","2023-06-01 01:00:30.355Z",1.06867,1.06873
"exness","EURUSD","2023-06-01 01:00:30.700Z",1.06868,1.06873
"exness","EURUSD","2023-06-01 01:00:31.310Z",1.06869,1.06875
"exness","EURUSD","2023-06-01 01:00:31.673Z",1.06871,1.06876
"exness","EURUSD","2023-06-01 01:00:36.053Z",1.06871,1.06877
"exness","EURUSD","2023-06-01 01:00:36.149Z",1.06872,1.06879
"exness","EURUSD","2023-06-01 01:00:44.076Z",1.06874,1.06879
"exness","EURUSD","2023-06-01 01:00:44.091Z",1.06874,1.06881
"exness","EURUSD","2023-06-01 01:00:53.378Z",1.06873,1.06879
"exness","EURUSD","2023-06-01 01:00:53.568Z",1.06872,1.06877
"exness","EURUSD","2023-06-01 01:00:53.715Z",1.0687,1.06877
"exness","EURUSD","2023-06-01 01:00:54.008Z",1.0687,1.06875
"exness","EURUSD","2023-06-01 01:00:54.099Z",1.06868,1.06874
"exness","EURUSD","2023-06-01 01:00:55.864Z",1.06866,1.06873
"exness","EURUSD","2023-06-01 01:00:56.532Z",1.06866,1.06871
"exness","EURUSD","2023-06-01 01:01:00.209Z",1.06865,1.0687
"exness","EURUSD","2023-06-01 01:01:03.487Z",1.06866,1.06871
"exness","EURUSD","2023-06-01 01:01:13.139Z",1.06867,1.06873
"exness","EURUSD","2023-06-01 01:01:13.322Z",1.06869,1.06875
"exness","EURUSD","2023-06-01 01:01:13.359Z",1.0687,1.06876
"exness","EURUSD","2023-06-01 01:01:13.520Z",1.06872,1.06878
"exness","EURUSD","2023-06-01 01:01:13.534Z",1.06873,1.06878
"exness","EURUSD","2023-06-01 01:01:13.557Z",1.06873,1.0688
"exness","EURUSD","2023-06-01 01:01:16.400Z",1.06872,1.06879
"exness","EURUSD","2023-06-01 01:01:19.362Z",1.06871,1.06877
"exness","EURUSD","2023-06-01 01:01:20.201Z",1.0687,1.06875
"exness","EURUSD","2023-06-01 01:01:25.551Z",1.06869,1.06876
"exness","EURUSD","2023-06-01 01:01:26.428Z",1.06868,1.06874
"exness","EURUSD","2023-06-01 01:01:45.085Z",1.06869,1.06875
"exness","EURUSD","2023-06-01 01:01:49.029Z",1.06869,1.06874
"exness","EURUSD","2023-06-01 01:01:54.284Z",1.06867,1.06873
"exness","EURUSD","2023-06-01 01:01:55.338Z",1.06866,1.06872
"exness","EURUSD","2023-06-01 01:02:10.644Z",1.06868,1.06873
"exness","EURUSD","2023-06-01 01:02:10.706Z",1.06868,1.06874
"exness","EURUSD","2023-06-01 01:02:11.462Z",1.06869,1.06874
"exness","EURUSD","2023-06-01 01:02:11.523Z",1.0687,1.06876
"exness","EURUSD","2023-06-01 01:02:14.557Z",1.06869,1.06874
"exness","EURUSD","2023-06-01 01:02:15.582Z",1.06868,1.06874
"exness","EURUSD","2023-06-01 01:02:27.523Z",1.06866,1.06873
"exness","EURUSD","2023-06-01 01:02:32.022Z",1.06868,1.06874
"exness","EURUSD","2023-06-01 01:02:40.558Z",1.06869,1.06876
"exness","EURUSD","2023-06-01 01:02:41.089Z",1.06869,1.06874
"exness","EURUSD","2023-06-01 01:02:44.159Z",1.06867,1.06873
"exness","EURUSD","2023-06-01 01:02:44.801Z",1.06866,1.06871
"exness","EURUSD","2023-06-01 01:02:50.070Z",1.06867,1.06874
"exness","EURUSD","2023-06-01 01:02:50.760Z",1.06869,1.06875
"exness","EURUSD","2023-06-01 01:03:01.635Z",1.06868,1.06874
"exness","EURUSD","2023-06-01 01:03:04.034Z",1.06866,1.06873
"exness","EURUSD","2023-06-01 01:03:04.092Z",1.06865,1.06871
"exness","EURUSD","2023-06-01 01:03:08.285Z",1.06863,1.0687
"exness","EURUSD","2023-06-01 01:03:13.483Z",1.06863,1.06868
"exness","EURUSD","2023-06-01 01:03:27.572Z",1.06864,1.0687
"exness","EURUSD","2023-06-01 01:03:28.769Z",1.06865,1.06872
"exness","EURUSD","2023-06-01 01:03:29.435Z",1.06865,1.0687
"exness","EURUSD","2023-06-01 01:03:32.475Z",1.06863,1.0687
"exness","EURUSD","2023-06-01 01:03:39.402Z",1.06865,1.06871
"exness","EURUSD","2023-06-01 01:03:52.910Z",1.06866,1.06873
"exness","EURUSD","2023-06-01 01:03:52.942Z",1.06868,1.06874
"exness","EURUSD","2023-06-01 01:03:52.997Z",1.06869,1.06876
"exness","EURUSD","2023-06-01 01:03:53.545Z",1.06871,1.06876
"exness","EURUSD","2023-06-01 01:03:54.562Z",1.06871,1.06878
"exness","EURUSD","2023-06-01 01:03:57.634Z",1.06872,1.06879
"exness","EURUSD","2023-06-01 01:04:04.697Z",1.06872,1.06877
"exness","EURUSD","2023-06-01 01:04:12.633Z",1.06871,1.06877
"exness","EURUSD","2023-06-01 01:04:23.042Z",1.06872,1.06878
"exness","EURUSD","2023-06-01 01:04:25.570Z",1.06873,1.0688
"exness","EURUSD","2023-06-01 01:04:44.910Z",1.06875,1.06882
"exness","EURUSD","2023-06-01 01:04:46.227Z",1.06874,1.0688
"exness","EURUSD","2023-06-01 01:04:51.437Z",1.06873,1.06878
"exness","EURUSD","2023-06-01 01:05:04.222Z",1.06872,1.06878
"exness","EURUSD","2023-06-01 01:05:05.047Z",1.06871,1.06876
"exness","EURUSD","2023-06-01 01:05:06.517Z",1.0687,1.06876
"exness","EURUSD","2023-06-01 01:05:13.521Z",1.06871,1.06877
"exness","EURUSD","2023-06-01 01:05:17.716Z",1.06871,1.06876
"exness","EURUSD","2023-06-01 01:05:30.588Z",1.06871,1.06877
"exness","EURUSD","2023-06-01 01:05:30.969Z",1.06873,1.06879
"exness","EURUSD","2023-06-01 01:05:39.090Z",1.06871,1.06878
"exness","EURUSD","2023-06-01 01:05:42.581Z",1.06871,1.06876
"exness","EURUSD","2023-06-01 01:05:49.185Z",1.06868,1.06875
"exness","EURUSD","2023-06-01 01:05:51.558Z",1.06867,1.06872
"exness","EURUSD","2023-06-01 01:05:57.449Z",1.06866,1.06873
"exness","EURUSD","2023-06-01 01:05:58.247Z",1.06866,1.06871
"exness","EURUSD","2023-06-01 01:06:00.628Z",1.06866,1.06872
"exness","EURUSD","2023-06-01 01:06:00.655Z",1.06868,1.06874
"exness","EURUSD","2023-06-01 01:06:05.534Z",1.06869,1.06875
"exness","EURUSD","2023-06-01 01:06:06.053Z",1.0687,1.06877
"exness","EURUSD","2023-06-01 01:06:09.934Z",1.06872,1.06877
"exness","EURUSD","2023-06-01 01:06:10.940Z",1.06872,1.06878
"exness","EURUSD","2023-06-01 01:06:11.593Z",1.0687,1.06877
"exness","EURUSD","2023-06-01 01:06:14.833Z",1.06869,1.06874
"exness","EURUSD","2023-06-01 01:06:28.192Z",1.06867,1.06874
"exness","EURUSD","2023-06-01 01:06:31.396Z",1.06869,1.06875
"exness","EURUSD","2023-06-01 01:06:32.536Z",1.0687,1.06876
"exness","EURUSD","2023-06-01 01:06:34.654Z",1.0687,1.06875
"exness","EURUSD","2023-06-01 01:06:45.389Z",1.06868,1.06875
"exness","EURUSD","2023-06-01 01:06:49.230Z",1.0687,1.06876
"exness","EURUSD","2023-06-01 01:07:11.750Z",1.06872,1.06877
"exness","EURUSD","2023-06-01 01:07:20.564Z",1.0687,1.06876
"exness","EURUSD","2023-06-01 01:07:20.585Z",1.06868,1.06874
"exness","EURUSD","2023-06-01 01:07:20.620Z",1.06867,1.06873
"exness","EURUSD","2023-06-01 01:07:24.530Z",1.06865,1.06872
"exness","EURUSD","2023-06-01 01:07:27.682Z",1.06864,1.0687
"exness","EURUSD","2023-06-01 01:07:33.479Z",1.06862,1.06868
"exness","EURUSD","2023-06-01 01:07:33.494Z",1.0686,1.06867
"exness","EURUSD","2023-06-01 01:07:33.571Z",1.06859,1.06865
"exness","EURUSD","2023-06-01 01:07:36.624Z",1.0686,1.06865
"exness","EURUSD","2023-06-01 01:07:43.143Z",1.0686,1.06866
"exness","EURUSD","2023-06-01 01:07:46.185Z",1.06858,1.06865
"exness","EURUSD","2023-06-01 01:07:49.835Z",1.06857,1.06863
"exness","EURUSD","2023-06-01 01:07:50.914Z",1.06856,1.06862
"exness","EURUSD","2023-06-01 01:08:05.045Z",1.06856,1.06861
"exness","EURUSD","2023-06-01 01:08:08.111Z",1.06856,1.06863
"exness","EURUSD","2023-06-01 01:08:14.338Z",1.06856,1.06861
"exness","EURUSD","2023-06-01 01:08:14.437Z",1.06857,1.06863
"exness","EURUSD","2023-06-01 01:08:14.459Z",1.06858,1.06864
"exness","EURUSD","2023-06-01 01:08:15.255Z",1.0686,1.06866
"exness","EURUSD","2023-06-01 01:08:16.293Z",1.06861,1.06867
"exness","EURUSD","2023-06-01 01:08:17.179Z",1.06862,1.06867
"exness","EURUSD","2023-06-01 01:08:22.230Z",1.0686,1.06867
"exness","EURUSD","2023-06-01 01:08:24.955Z",1.06862,1.06867
"exness","EURUSD","2023-06-01 01:08:41.054Z",1.0686,1.06866
"exness","EURUSD","2023-06-01 01:08:41.136Z",1.06859,1.06864
"exness","EURUSD","2023-06-01 01:08:51.180Z",1.06858,1.06864
"exness","EURUSD","2023-06-01 01:08:52.419Z",1.06855,1.06862
"exness","EURUSD","2023-06-01 01:08:55.349Z",1.06853,1.06859
"exness","EURUSD","2023-06-01 01:08:56.888Z",1.06854,1.0686
"exness","EURUSD","2023-06-01 01:09:04.517Z",1.06855,1.06862
"exness","EURUSD","2023-06-01 01:09:05.090Z",1.06857,1.06862
"exness","EURUSD","2023-06-01 01:09:10.802Z",1.06858,1.06864
"exness","EURUSD","2023-06-01 01:09:19.404Z",1.06859,1.06865
"exness","EURUSD","2023-06-01 01:09:24.781Z",1.0686,1.06865
"exness","EURUSD","2023-06-01 01:09:31.587Z",1.06861,1.06868
"exness","EURUSD","2023-06-01 01:09:51.077Z",1.06862,1.06869
"exness","EURUSD","2023-06-01 01:09:52.002Z",1.06864,1.0687
"exness","EURUSD","2023-06-01 01:09:58.570Z",1.06863,1.06869
"exness","EURUSD","2023-06-01 01:10:14.821Z",1.06864,1.0687
"exness","EURUSD","2023-06-01 01:10:40.687Z",1.06863,1.06869
"exness","EURUSD","2023-06-01 01:10:43.946Z",1.06861,1.06868
"exness","EURUSD","2023-06-01 01:10:44.260Z",1.06861,1.06866
"exness","EURUSD","2023-06-01 01:11:06.067Z",1.06861,1.06868
"exness","EURUSD","2023-06-01 01:11:06.674Z",1.06861,1.06866
"exness","EURUSD","2023-06-01 01:11:07.904Z",1.06861,1.06867
"exness","EURUSD","2023-06-01 01:11:15.628Z",1.06863,1.06869
"exness","EURUSD","2023-06-01 01:11:20.175Z",1.06862,1.06867
"exness","EURUSD","2023-06-01 01:11:23.925Z",1.06861,1.06867
"exness","EURUSD","2023-06-01 01:11:31.477Z",1.06862,1.06868
"exness","EURUSD","2023-06-01 01:11:31.630Z",1.0686,1.06867
"exness","EURUSD","2023-06-01 01:11:33.157Z",1.0686,1.06865
"exness","EURUSD","2023-06-01 01:11:34.348Z",1.06858,1.06865
"exness","EURUSD","2023-06-01 01:11:40.046Z",1.06856,1.06863
"exness","EURUSD","2023-06-01 01:11:43.100Z",1.06856,1.06861
"exness","EURUSD","2023-06-01 01:11:47.347Z",1.06854,1.0686
"exness","EURUSD","2023-06-01 01:11:48.157Z",1.06856,1.06862
"exness","EURUSD","2023-06-01 01:11:54.463Z",1.06857,1.06863
"exness","EURUSD","2023-06-01 01:12:00.133Z",1.06857,1.06862
"exness","EURUSD","2023-06-01 01:12:01.233Z",1.06856,1.06862
"exness","EURUSD","2023-06-01 01:12:01.859Z",1.06856,1.06861
"exness","EURUSD","2023-06-01 01:12:05.706Z",1.06856,1.06862
"exness","EURUSD","2023-06-01 01:12:12.460Z",1.06857,1.06864
"exness","EURUSD","2023-06-01 01:12:17.957Z",1.06859,1.06865
"exness","EURUSD","2023-06-01 01:12:18.301Z",1.0686,1.06866
"exness","EURUSD","2023-06-01 01:12:20.502Z",1.06862,1.06867
"exness","EURUSD","2023-06-01 01:12:24.942Z",1.06863,1.06869
"exness","EURUSD","2023-06-01 01:12:27.361Z",1.06864,1.0687
"exness","EURUSD","2023-06-01 01:12:37.641Z",1.06865,1.0687
"exness","EURUSD","2023-06-01 01:13:06.423Z",1.06864,1.0687
"exness","EURUSD","2023-06-01 01:13:07.050Z",1.06862,1.06868
"exness","EURUSD","2023-06-01 01:13:10.927Z",1.06863,1.0687
"exness","EURUSD","2023-06-01 01:13:11.083Z",1.06865,1.06871
"exness","EURUSD","2023-06-01 01:13:13.163Z",1.06865,1.0687
"exness","EURUSD","2023-06-01 01:13:13.266Z",1.06863,1.06869
"exness","EURUSD","2023-06-01 01:13:16.999Z",1.06862,1.06868
"exness","EURUSD","2023-06-01 01:13:17.384Z",1.06862,1.06867
"exness","EURUSD","2023-06-01 01:13:20.601Z",1.0686,1.06866
"exness","EURUSD","2023-06-01 01:13:23.022Z",1.06858,1.06865
"exness","EURUSD","2023-06-01 01:13:24.811Z",1.06858,1.06863
"exness","EURUSD","2023-06-01 01:13:26.091Z",1.06856,1.06862
"exness","EURUSD","2023-06-01 01:13:40.984Z",1.06854,1.0686
"exness","EURUSD","2023-06-01 01:13:43.600Z",1.06853,1.06858
"exness","EURUSD","2023-06-01 01:13:44.222Z",1.06851,1.06858
"exness","EURUSD","2023-06-01 01:13:47.128Z",1.0685,1.06856
"exness","EURUSD","2023-06-01 01:13:47.162Z",1.06848,1.06854
"exness","EURUSD","2023-06-01 01:13:47.257Z",1.06847,1.06853
"exness","EURUSD","2023-06-01 01:14:00.652Z",1.06844,1.0685
"exness","EURUSD","2023-06-01 01:14:00.676Z",1.06843,1.06849
"exness","EURUSD","2023-06-01 01:14:00.695Z",1.06841,1.06847
"exness","EURUSD","2023-06-01 01:14:01.912Z",1.06842,1.06848
"exness","EURUSD","2023-06-01 01:14:02.724Z",1.06844,1.0685
"exness","EURUSD","2023-06-01 01:14:02.761Z",1.06845,1.06852
"exness","EURUSD","2023-06-01 01:14:03.656Z",1.06847,1.06852
"exness","EURUSD","2023-06-01 01:14:04.055Z",1.06848,1.06854
"exness","EURUSD","2023-06-01 01:14:04.099Z",1.06849,1.06855
"exness","EURUSD","2023-06-01 01:14:09.451Z",1.06851,1.06858
"exness","EURUSD","2023-06-01 01:14:12.320Z",1.06853,1.06859
"exness","EURUSD","2023-06-01 01:14:12.381Z",1.06854,1.0686
"exness","EURUSD","2023-06-01 01:14:15.574Z",1.06856,1.06862
"exness","EURUSD","2023-06-01 01:14:18.016Z",1.06857,1.06863
"exness","EURUSD","2023-06-01 01:14:29.704Z",1.06859,1.06865
"exness","EURUSD","2023-06-01 01:14:29.792Z",1.0686,1.06867
"exness","EURUSD","2023-06-01 01:14:30.870Z",1.06861,1.06868
"exness","EURUSD","2023-06-01 01:14:36.933Z",1.0686,1.06866
"exness","EURUSD","2023-06-01 01:14:45.675Z",1.06859,1.06865
"exness","EURUSD","2023-06-01 01:14:46.457Z",1.0686,1.06866
"exness","EURUSD","2023-06-01 01:14:51.423Z",1.06862,1.06868
"exness","EURUSD","2023-06-01 01:14:54.360Z",1.06861,1.06866
"exness","EURUSD","2023-06-01 01:14:57.570Z",1.06861,1.06868
"exness","EURUSD","2023-06-01 01:15:07.322Z",1.06859,1.06865
"exness","EURUSD","2023-06-01 01:15:08.322Z",1.06858,1.06864
"exness","EURUSD","2023-06-01 01:15:10.637Z",1.0686,1.06866
"exness","EURUSD","2023-06-01 01:15:12.469Z",1.06859,1.06865
"exness","EURUSD","2023-06-01 01:15:14.482Z",1.06857,1.06863
"exness","EURUSD","2023-06-01 01:15:15.334Z",1.06856,1.06861
"exness","EURUSD","2023-06-01 01:15:18.878Z",1.06856,1.06863
"exness","EURUSD","2023-06-01 01:15:19.074Z",1.06858,1.06864
"exness","EURUSD","2023-06-01 01:15:21.343Z",1.06859,1.06866
"exness","EURUSD","2023-06-01 01:15:24.204Z",1.06861,1.06866
"exness","EURUSD","2023-06-01 01:15:24.402Z",1.06861,1.06868
"exness","EURUSD","2023-06-01 01:15:29.930Z",1.06861,1.06866
"exness","EURUSD","2023-06-01 01:15:31.235Z",1.06859,1.06866
"exness","EURUSD","2023-06-01 01:15:31.512Z",1.06858,1.06864
"exness","EURUSD","2023-06-01 01:15:33.766Z",1.06856,1.06863
"exness","EURUSD","2023-06-01 01:15:34.024Z",1.06856,1.06861
"exness","EURUSD","2023-06-01 01:15:35.522Z",1.06854,1.0686
"exness","EURUSD","2023-06-01 01:15:40.800Z",1.06852,1.06859
"exness","EURUSD","2023-06-01 01:15:44.616Z",1.06851,1.06858
"exness","EURUSD","2023-06-01 01:15:45.068Z",1.06853,1.06858
"exness","EURUSD","2023-06-01 01:15:47.987Z",1.06853,1.0686
"exness","EURUSD","2023-06-01 01:15:58.632Z",1.06855,1.06861
"exness","EURUSD","2023-06-01 01:16:04.827Z",1.06855,1.0686
"exness","EURUSD","2023-06-01 01:16:05.413Z",1.06853,1.0686
"exness","EURUSD","2023-06-01 01:16:05.630Z",1.06853,1.06858
"exness","EURUSD","2023-06-01 01:16:07.761Z",1.06851,1.06858
"exness","EURUSD","2023-06-01 01:16:08.689Z",1.06853,1.06858
"exness","EURUSD","2023-06-01 01:16:08.723Z",1.06851,1.06857
"exness","EURUSD","2023-06-01 01:16:10.184Z",1.06849,1.06855
"exness","EURUSD","2023-06-01 01:16:10.674Z",1.06848,1.06853
"exness","EURUSD","2023-06-01 01:16:18.807Z",1.06849,1.06855
"exness","EURUSD","2023-06-01 01:16:21.191Z",1.06847,1.06854
"exness","EURUSD","2023-06-01 01:16:23.885Z",1.06849,1.06855
"exness","EURUSD","2023-06-01 01:16:24.342Z",1.06851,1.06856
"exness","EURUSD","2023-06-01 01:16:28.723Z",1.06849,1.06855
"exness","EURUSD","2023-06-01 01:16:30.951Z",1.06848,1.06854
"exness","EURUSD","2023-06-01 01:16:31.739Z",1.06849,1.06856
"exness","EURUSD","2023-06-01 01:16:32.980Z",1.06849,1.06854
"exness","EURUSD","2023-06-01 01:16:35.629Z",1.06848,1.06854
"exness","EURUSD","2023-06-01 01:16:39.520Z",1.06846,1.06851
"exness","EURUSD","2023-06-01 01:16:43.263Z",1.06844,1.06851
"exness","EURUSD","2023-06-01 01:16:43.929Z",1.06843,1.06849
"exness","EURUSD","2023-06-01 01:16:44.255Z",1.06842,1.06847
"exness","EURUSD","2023-06-01 01:16:46.924Z",1.0684,1.06847
"exness","EURUSD","2023-06-01 01:16:49.435Z",1.0683799999999999,1.06845
"exness","EURUSD","2023-06-01 01:16:49.471Z",1.06837,1.06843
"exness","EURUSD","2023-06-01 01:16:51.531Z",1.06836,1.06842
"exness","EURUSD","2023-06-01 01:16:53.332Z",1.06834,1.0684
"exness","EURUSD","2023-06-01 01:16:53.346Z",1.06833,1.06839
"exness","EURUSD","2023-06-01 01:16:53.376Z",1.06831,1.06837
"exness","EURUSD","2023-06-01 01:17:00.102Z",1.06833,1.0683799999999999
"exness","EURUSD","2023-06-01 01:17:02.622Z",1.06834,1.0684
"exness","EURUSD","2023-06-01 01:17:02.782Z",1.06836,1.06841
"exness","EURUSD","2023-06-01 01:17:06.181Z",1.06837,1.06842
"exness","EURUSD","2023-06-01 01:17:07.517Z",1.06837,1.06843
"exness","EURUSD","2023-06-01 01:17:08.236Z",1.0683799999999999,1.06845
"exness","EURUSD","2023-06-01 01:17:08.253Z",1.0684,1.06846
"exness","EURUSD","2023-06-01 01:17:09.488Z",1.06841,1.06847
"exness","EURUSD","2023-06-01 01:17:11.404Z",1.0684,1.06846
"exness","EURUSD","2023-06-01 01:17:12.710Z",1.06842,1.06848
"exness","EURUSD","2023-06-01 01:17:16.373Z",1.06844,1.0685
"exness","EURUSD","2023-06-01 01:17:16.635Z",1.06845,1.06852
"exness","EURUSD","2023-06-01 01:17:17.651Z",1.06847,1.06853
"exness","EURUSD","2023-06-01 01:17:26.756Z",1.06844,1.06851
"exness","EURUSD","2023-06-01 01:17:27.276Z",1.06846,1.06851
"exness","EURUSD","2023-06-01 01:17:31.602Z",1.06844,1.0685
"exness","EURUSD","2023-06-01 01:17:31.630Z",1.06842,1.06848
"exness","EURUSD","2023-06-01 01:17:32.889Z",1.06843,1.0685
"exness","EURUSD","2023-06-01 01:17:33.478Z",1.06845,1.0685
"exness","EURUSD","2023-06-01 01:17:34.709Z",1.06845,1.06851
"exness","EURUSD","2023-06-01 01:17:35.429Z",1.06847,1.06852
"exness","EURUSD","2023-06-01 01:17:44.660Z",1.06845,1.06851
"exness","EURUSD","2023-06-01 01:17:44.685Z",1.06843,1.0685
"exness","EURUSD","2023-06-01 01:17:45.685Z",1.06843,1.06848
"exness","EURUSD","2023-06-01 01:17:46.948Z",1.06844,1.0685
"exness","EURUSD","2023-06-01 01:17:47.425Z",1.06846,1.06851
"exness","EURUSD","2023-06-01 01:17:48.112Z",1.06846,1.06852
"exness","EURUSD","2023-06-01 01:17:48.843Z",1.06848,1.06853
"exness","EURUSD","2023-06-01 01:17:56.463Z",1.06848,1.06854
"exness","EURUSD","2023-06-01 01:18:00.179Z",1.06846,1.06853
"exness","EURUSD","2023-06-01 01:18:00.824Z",1.06845,1.06851
"exness","EURUSD","2023-06-01 01:18:00.850Z",1.06843,1.06849
"exness","EURUSD","2023-06-01 01:18:01.303Z",1.06841,1.06848
"exness","EURUSD","2023-06-01 01:18:04.653Z",1.06843,1.06849
"exness","EURUSD","2023-06-01 01:18:16.433Z",1.06844,1.0685
"exness","EURUSD","2023-06-01 01:18:16.957Z",1.06845,1.06851
"exness","EURUSD","2023-06-01 01:18:18.959Z",1.06846,1.06852
"exness","EURUSD","2023-06-01 01:18:18.993Z",1.06848,1.06854
"exness","EURUSD","2023-06-01 01:18:19.360Z",1.06849,1.06855
"exness","EURUSD","2023-06-01 01:18:19.369Z",1.06851,1.06857
"exness","EURUSD","2023-06-01 01:18:29.208Z",1.06852,1.06859
"exness","EURUSD","2023-06-01 01:18:30.995Z",1.06855,1.06861
"exness","EURUSD","2023-06-01 01:18:31.018Z",1.06857,1.06862
"exness","EURUSD","2023-06-01 01:18:33.015Z",1.06855,1.0686
"exness","EURUSD","2023-06-01 01:18:37.188Z",1.06856,1.06862
"exness","EURUSD","2023-06-01 01:18:37.205Z",1.06857,1.06862
"exness","EURUSD","2023-06-01 01:18:38.228Z",1.06857,1.06864
"exness","EURUSD","2023-06-01 01:18:49.654Z",1.06859,1.06865
"exness","EURUSD","2023-06-01 01:18:49.698Z",1.06857,1.06863
"exness","EURUSD","2023-06-01 01:18:53.328Z",1.06857,1.06862
"exness","EURUSD","2023-06-01 01:18:55.828Z",1.06857,1.06863
"exness","EURUSD","2023-06-01 01:19:00.251Z",1.06856,1.06862
"exness","EURUSD","2023-06-01 01:19:00.367Z",1.06854,1.06861
"exness","EURUSD","2023-06-01 01:19:00.832Z",1.06854,1.06859
"exness","EURUSD","2023-06-01 01:19:01.528Z",1.06854,1.06861
"exness","EURUSD","2023-06-01 01:19:04.894Z",1.06855,1.06862
"exness","EURUSD","2023-06-01 01:19:04.975Z",1.06857,1.06862
"exness","EURUSD","2023-06-01 01:19:10.038Z",1.06857,1.06863
"exness","EURUSD","2023-06-01 01:19:18.583Z",1.06859,1.06864
"exness","EURUSD","2023-06-01 01:19:22.373Z",1.0686,1.06866
"exness","EURUSD","2023-06-01 01:19:22.592Z",1.06862,1.06867
"exness","EURUSD","2023-06-01 01:19:23.452Z",1.06862,1.06868
"exness","EURUSD","2023-06-01 01:19:23.474Z",1.06864,1.06869
"exness","EURUSD","2023-06-01 01:19:24.093Z",1.06862,1.06868
"exness","EURUSD","2023-06-01 01:19:24.677Z",1.06862,1.06867
"exness","EURUSD","2023-06-01 01:19:27.659Z",1.06862,1.06868
"exness","EURUSD","2023-06-01 01:19:33.201Z",1.06864,1.06869
"exness","EURUSD","2023-06-01 01:19:36.493Z",1.06864,1.0687
"exness","EURUSD","2023-06-01 01:19:36.581Z",1.06866,1.06872
"exness","EURUSD","2023-06-01 01:19:42.853Z",1.06867,1.06873
"exness","EURUSD","2023-06-01 01:19:43.892Z",1.06866,1.06872
"exness","EURUSD","2023-06-01 01:19:44.165Z",1.06864,1.0687
"exness","EURUSD","2023-06-01 01:19:44.278Z",1.06864,1.06869
"exness","EURUSD","2023-06-01 01:19:47.574Z",1.06863,1.06869
"exness","EURUSD","2023-06-01 01:19:58.232Z",1.06864,1.06869
"exness","EURUSD","2023-06-01 01:19:59.051Z",1.06862,1.06869
"exness","EURUSD","2023-06-01 01:20:02.050Z",1.06861,1.06867
"exness","EURUSD","2023-06-01 01:20:04.179Z",1.06862,1.06867
"exness","EURUSD","2023-06-01 01:20:07.295Z",1.06861,1.06867
"exness","EURUSD","2023-06-01 01:20:13.098Z",1.06862,1.06869
"exness","EURUSD","2023-06-01 01:20:13.124Z",1.06864,1.0687
"exness","EURUSD","2023-06-01 01:20:13.187Z",1.06865,1.0687
"exness","EURUSD","2023-06-01 01:20:13.505Z",1.06866,1.06872
"exness","EURUSD","2023-06-01 01:20:14.221Z",1.06868,1.06873
"exness","EURUSD","2023-06-01 01:20:15.539Z",1.06868,1.06874
"exness","EURUSD","2023-06-01 01:20:21.265Z",1.06867,1.06873
"exness","EURUSD","2023-06-01 01:20:21.369Z",1.06865,1.06872
"exness","EURUSD","2023-06-01 01:20:23.970Z",1.06866,1.06873
"exness","EURUSD","2023-06-01 01:20:24.261Z",1.06868,1.06873
"exness","EURUSD","2023-06-01 01:20:25.242Z",1.06866,1.06872
"exness","EURUSD","2023-06-01 01:20:27.353Z",1.06865,1.06871
"exness","EURUSD","2023-06-01 01:20:32.577Z",1.06865,1.0687
"exness","EURUSD","2023-06-01 01:20:32.633Z",1.06863,1.06869
"exness","EURUSD","2023-06-01 01:20:36.419Z",1.06864,1.0687
"exness","EURUSD","2023-06-01 01:20:37.455Z",1.06865,1.0687
"exness","EURUSD","2023-06-01 01:20:38.264Z",1.06866,1.06872
"exness","EURUSD","2023-06-01 01:20:38.864Z",1.06867,1.06872
"exness","EURUSD","2023-06-01 01:20:40.125Z",1.06867,1.06873
"exness","EURUSD","2023-06-01 01:20:49.025Z",1.06868,1.06873
"exness","EURUSD","2023-06-01 01:20:49.878Z",1.06867,1.06873
"exness","EURUSD","2023-06-01 01:21:00.233Z",1.06868,1.06873
"exness","EURUSD","2023-06-01 01:21:01.748Z",1.06869,1.06875
"exness","EURUSD","2023-06-01 01:21:02.761Z",1.0687,1.06875
"exness","EURUSD","2023-06-01 01:21:14.405Z",1.06869,1.06875
"exness","EURUSD","2023-06-01 01:21:14.434Z",1.06869,1.06874
"exness","EURUSD","2023-06-01 01:21:15.444Z",1.06869,1.06875
"exness","EURUSD","2023-06-01 01:21:23.295Z",1.06871,1.06877
"exness","EURUSD","2023-06-01 01:21:24.253Z",1.06873,1.06878
"exness","EURUSD","2023-06-01 01:21:24.287Z",1.06873,1.06879
"exness","EURUSD","2023-06-01 01:21:24.341Z",1.06875,1.06881
"exness","EURUSD","2023-06-01 01:21:24.460Z",1.06876,1.06882
"exness","EURUSD","2023-06-01 01:21:35.765Z",1.06876,1.06881
"exness","EURUSD","2023-06-01 01:21:36.626Z",1.06876,1.06882
"exness","EURUSD","2023-06-01 01:21:38.737Z",1.06874,1.0688
"exness","EURUSD","2023-06-01 01:21:43.151Z",1.06872,1.06879
"exness","EURUSD","2023-06-01 01:21:43.257Z",1.06871,1.06877
"exness","EURUSD","2023-06-01 01:21:52.663Z",1.06873,1.06878
"exness","EURUSD","2023-06-01 01:21:55.434Z",1.06871,1.06877
"exness","EURUSD","2023-06-01 01:21:56.787Z",1.0687,1.06876
"exness","EURUSD","2023-06-01 01:22:08.900Z",1.06869,1.06875
"exness","EURUSD","2023-06-01 01:22:09.146Z",1.0687,1.06877
"exness","EURUSD","2023-06-01 01:22:09.371Z",1.06872,1.06877
"exness","EURUSD","2023-06-01 01:22:12.007Z",1.06871,1.06877
"exness","EURUSD","2023-06-01 01:22:21.198Z",1.06869,1.06875
"exness","EURUSD","2023-06-01 01:22:21.292Z",1.06867,1.06874
"exness","EURUSD","2023-06-01 01:22:25.459Z",1.06869,1.06875
"exness","EURUSD","2023-06-01 01:22:26.728Z",1.06867,1.06873
"exness","EURUSD","2023-06-01 01:22:31.106Z",1.06867,1.06872
"exness","EURUSD","2023-06-01 01:22:40.155Z",1.06866,1.06872
"exness","EURUSD","2023-06-01 01:22:42.370Z",1.06866,1.06871
"exness","EURUSD","2023-06-01 01:22:42.483Z",1.06866,1.06873
"exness","EURUSD","2023-06-01 01:22:56.081Z",1.06864,1.0687
"exness","EURUSD","2023-06-01 01:22:56.845Z",1.06863,1.06868
"exness","EURUSD","2023-06-01 01:23:01.632Z",1.06862,1.06868
"exness","EURUSD","2023-06-01 01:23:03.078Z",1.06861,1.06867
"exness","EURUSD","2023-06-01 01:23:06.643Z",1.06858,1.06865
"exness","EURUSD","2023-06-01 01:23:06.684Z",1.06857,1.06863
"exness","EURUSD","2023-06-01 01:23:10.126Z",1.06856,1.06861
"exness","EURUSD","2023-06-01 01:23:12.243Z",1.06856,1.06862
"exness","EURUSD","2023-06-01 01:23:30.867Z",1.06857,1.06863
"exness","EURUSD","2023-06-01 01:23:40.433Z",1.06859,1.06865
"exness","EURUSD","2023-06-01 01:23:41.436Z",1.0686,1.06866
"exness","EURUSD","2023-06-01 01:23:44.730Z",1.06862,1.06867
"exness","EURUSD","2023-06-01 01:23:49.924Z",1.06863,1.06869
"exness","EURUSD","2023-06-01 01:23:50.616Z",1.06864,1.0687
"exness","EURUSD","2023-06-01 01:23:50.681Z",1.06863,1.06869
"exness","EURUSD","2023-06-01 01:23:55.733Z",1.06862,1.06867
"exness","EURUSD","2023-06-01 01:24:06.347Z",1.0686,1.06866
"exness","EURUSD","2023-06-01 01:24:09.576Z",1.06861,1.06866
"exness","EURUSD","2023-06-01 01:24:18.077Z",1.06862,1.06868
"exness","EURUSD","2023-06-01 01:24:23.609Z",1.06864,1.06869
"exness","EURUSD","2023-06-01 01:24:25.201Z",1.06862,1.06868
"exness","EURUSD","2023-06-01 01:24:25.645Z",1.06863,1.06868
"exness","EURUSD","2023-06-01 01:24:33.194Z",1.06864,1.0687
"exness","EURUSD","2023-06-01 01:24:36.315Z",1.06862,1.06868
"exness","EURUSD","2023-06-01 01:24:39.093Z",1.06864,1.0687
"exness","EURUSD","2023-06-01 01:24:39.110Z",1.06865,1.06871
"exness","EURUSD","2023-06-01 01:24:40.436Z",1.06866,1.06873
"exness","EURUSD","2023-06-01 01:24:50.497Z",1.06869,1.06875
"exness","EURUSD","2023-06-01 01:24:54.594Z",1.06868,1.06873
"exness","EURUSD","2023-06-01 01:24:55.111Z",1.06866,1.06872
"exness","EURUSD","2023-06-01 01:24:57.408Z",1.06865,1.06871
"exness","EURUSD","2023-06-01 01:25:00.936Z",1.06866,1.06872
"exness","EURUSD","2023-06-01 01:25:00.950Z",1.06868,1.06873
"exness","EURUSD","2023-06-01 01:25:04.364Z",1.06868,1.06874
"exness","EURUSD","2023-06-01 01:25:04.888Z",1.06869,1.06875
"exness","EURUSD","2023-06-01 01:25:09.312Z",1.06869,1.06874
"exness","EURUSD","2023-06-01 01:25:13.358Z",1.06868,1.06874
"exness","EURUSD","2023-06-01 01:25:17.992Z",1.06866,1.06872
"exness","EURUSD","2023-06-01 01:25:40.481Z",1.06868,1.06873
"exness","EURUSD","2023-06-01 01:25:42.885Z",1.06868,1.06875
"exness","EURUSD","2023-06-01 01:25:43.069Z",1.0687,1.06876
"exness","EURUSD","2023-06-01 01:25:54.510Z",1.06872,1.06877
"exness","EURUSD","2023-06-01 01:25:54.539Z",1.06873,1.06879
"exness","EURUSD","2023-06-01 01:25:58.190Z",1.06874,1.06881
"exness","EURUSD","2023-06-01 01:25:58.253Z",1.06876,1.06882
"exness","EURUSD","2023-06-01 01:26:18.922Z",1.06877,1.06882
"exness","EURUSD","2023-06-01 01:26:22.554Z",1.06876,1.06882
"exness","EURUSD","2023-06-01 01:26:27.204Z",1.06877,1.06883
"exness","EURUSD","2023-06-01 01:26:30.607Z",1.06878,1.06884
"exness","EURUSD","2023-06-01 01:26:31.141Z",1.0688,1.06886
"exness","EURUSD","2023-06-01 01:26:31.159Z",1.06881,1.06887
"exness","EURUSD","2023-06-01 01:26:31.230Z",1.06883,1.0688900000000001
"exness","EURUSD","2023-06-01 01:26:32.360Z",1.06881,1.06887
"exness","EURUSD","2023-06-01 01:26:32.619Z",1.06879,1.06885
"exness","EURUSD","2023-06-01 01:26:32.850Z",1.06877,1.06884
"exness","EURUSD","2023-06-01 01:26:33.831Z",1.06877,1.06882
"exness","EURUSD","2023-06-01 01:26:35.069Z",1.06876,1.06882
"exness","EURUSD","2023-06-01 01:26:37.450Z",1.06875,1.06881
"exness","EURUSD","2023-06-01 01:26:38.959Z",1.06873,1.06879
"exness","EURUSD","2023-06-01 01:26:40.578Z",1.06874,1.06881
"exness","EURUSD","2023-06-01 01:26:40.605Z",1.06876,1.06882
"exness","EURUSD","2023-06-01 01:26:44.176Z",1.06877,1.06884
"exness","EURUSD","2023-06-01 01:26:46.430Z",1.06879,1.06885
"exness","EURUSD","2023-06-01 01:26:47.643Z",1.0688,1.06887
"exness","EURUSD","2023-06-01 01:26:50.298Z",1.06881,1.06888
"exness","EURUSD","2023-06-01 01:26:51.426Z",1.06881,1.06886
"exness","EURUSD","2023-06-01 01:26:52.640Z",1.0688,1.06886
"exness","EURUSD","2023-06-01 01:26:52.908Z",1.06878,1.06884
"exness","EURUSD","2023-06-01 01:26:57.625Z",1.06877,1.06883
"exness","EURUSD","2023-06-01 01:26:57.817Z",1.06879,1.06885
"exness","EURUSD","2023-06-01 01:27:01.090Z",1.0688,1.06885
"exness","EURUSD","2023-06-01 01:27:01.125Z",1.06878,1.06885
"exness","EURUSD","2023-06-01 01:27:02.255Z",1.06878,1.06883
"exness","EURUSD","2023-06-01 01:27:04.407Z",1.06878,1.06885
"exness","EURUSD","2023-06-01 01:27:05.630Z",1.06877,1.06883
"exness","EURUSD","2023-06-01 01:27:22.388Z",1.06879,1.06884
"exness","EURUSD","2023-06-01 01:27:23.022Z",1.06879,1.06886
"exness","EURUSD","2023-06-01 01:27:23.174Z",1.06881,1.06887
"exness","EURUSD","2023-06-01 01:27:23.303Z",1.06883,1.0688900000000001
"exness","EURUSD","2023-06-01 01:27:23.327Z",1.06884,1.0689
"exness","EURUSD","2023-06-01 01:27:28.089Z",1.06886,1.06892
"exness","EURUSD","2023-06-01 01:27:28.916Z",1.06887,1.06893
"exness","EURUSD","2023-06-01 01:27:30.981Z",1.06886,1.06892
"exness","EURUSD","2023-06-01 01:27:32.820Z",1.06884,1.06891
"exness","EURUSD","2023-06-01 01:27:33.810Z",1.06886,1.06892
"exness","EURUSD","2023-06-01 01:27:34.074Z",1.06887,1.06892
"exness","EURUSD","2023-06-01 01:27:37.373Z",1.06887,1.06893
"exness","EURUSD","2023-06-01 01:27:38.167Z",1.0688900000000001,1.06895
"exness","EURUSD","2023-06-01 01:27:48.955Z",1.0689,1.06896
"exness","EURUSD","2023-06-01 01:27:55.508Z",1.06892,1.0689899999999999
"exness","EURUSD","2023-06-01 01:27:55.859Z",1.06894,1.0689899999999999
"exness","EURUSD","2023-06-01 01:28:03.183Z",1.06894,1.069
"exness","EURUSD","2023-06-01 01:28:05.500Z",1.06892,1.06898
"exness","EURUSD","2023-06-01 01:28:07.918Z",1.06891,1.06897
"exness","EURUSD","2023-06-01 01:28:10.680Z",1.06893,1.0689899999999999
"exness","EURUSD","2023-06-01 01:28:15.297Z",1.06894,1.069
"exness","EURUSD","2023-06-01 01:28:16.304Z",1.06895,1.069
"exness","EURUSD","2023-06-01 01:28:17.430Z",1.06894,1.069
"exness","EURUSD","2023-06-01 01:28:24.816Z",1.06896,1.06902
"exness","EURUSD","2023-06-01 01:28:27.445Z",1.06895,1.069
"exness","EURUSD","2023-06-01 01:28:27.470Z",1.06893,1.0689899999999999
"exness","EURUSD","2023-06-01 01:28:27.519Z",1.06893,1.06898
"exness","EURUSD","2023-06-01 01:28:28.167Z",1.06893,1.069
"exness","EURUSD","2023-06-01 01:28:30.513Z",1.06892,1.0689899999999999
"exness","EURUSD","2023-06-01 01:28:38.540Z",1.06894,1.069
"exness","EURUSD","2023-06-01 01:28:43.035Z",1.06891,1.06898
"exness","EURUSD","2023-06-01 01:28:43.836Z",1.06891,1.06896
"exness","EURUSD","2023-06-01 01:28:46.033Z",1.0688900000000001,1.06895
"exness","EURUSD","2023-06-01 01:28:46.206Z",1.0688900000000001,1.06894
"exness","EURUSD","2023-06-01 01:28:46.514Z",1.06887,1.06893
"exness","EURUSD","2023-06-01 01:28:47.121Z",1.06886,1.06892
"exness","EURUSD","2023-06-01 01:28:54.720Z",1.06887,1.06892
"exness","EURUSD","2023-06-01 01:28:54.747Z",1.06885,1.06891
"exness","EURUSD","2023-06-01 01:28:54.774Z",1.06884,1.0689
"exness","EURUSD","2023-06-01 01:28:57.996Z",1.06885,1.0689
"exness","EURUSD","2023-06-01 01:28:59.035Z",1.06885,1.06892
"exness","EURUSD","2023-06-01 01:29:02.460Z",1.06886,1.06891
"exness","EURUSD","2023-06-01 01:29:03.273Z",1.06884,1.0689
"exness","EURUSD","2023-06-01 01:29:03.470Z",1.06882,1.0688900000000001
"exness","EURUSD","2023-06-01 01:29:03.576Z",1.06882,1.06887
"exness","EURUSD","2023-06-01 01:29:05.943Z",1.0688,1.06886
"exness","EURUSD","2023-06-01 01:29:11.661Z",1.06881,1.06886
"exness","EURUSD","2023-06-01 01:29:12.681Z",1.06881,1.06888
"exness","EURUSD","2023-06-01 01:29:15.052Z",1.0688,1.06886
"exness","EURUSD","2023-06-01 01:29:22.478Z",1.06882,1.06887
"exness","EURUSD","2023-06-01 01:29:24.654Z",1.0688,1.06886
"exness","EURUSD","2023-06-01 01:29:30.738Z",1.06878,1.06884
"exness","EURUSD","2023-06-01 01:29:34.301Z",1.06877,1.06883
"exness","EURUSD","2023-06-01 01:29:34.323Z",1.06875,1.06882
"exness","EURUSD","2023-06-01 01:29:34.359Z",1.06874,1.0688
"exness","EURUSD","2023-06-01 01:29:34.519Z",1.06872,1.06879
"exness","EURUSD","2023-06-01 01:29:38.319Z",1.06871,1.06877
"exness","EURUSD","2023-06-01 01:29:44.391Z",1.0687,1.06876
"exness","EURUSD","2023-06-01 01:29:48.442Z",1.06871,1.06877
"exness","EURUSD","2023-06-01 01:30:00.798Z",1.06873,1.06879
"exness","EURUSD","2023-06-01 01:30:00.832Z",1.06875,1.06881
"exness","EURUSD","2023-06-01 01:30:00.872Z",1.06876,1.06882
"exness","EURUSD","2023-06-01 01:30:01.034Z",1.06876,1.06881
"exness","EURUSD","2023-06-01 01:30:01.328Z",1.06874,1.0688
"exness","EURUSD","2023-06-01 01:30:05.639Z",1.06876,1.06881
"exness","EURUSD","2023-06-01 01:30:06.923Z",1.06876,1.06882
"exness","EURUSD","2023-06-01 01:30:07.022Z",1.06878,1.06883
"exness","EURUSD","2023-06-01 01:30:12.013Z",1.06878,1.06884
"exness","EURUSD","2023-06-01 01:30:15.201Z",1.06876,1.06883
"exness","EURUSD","2023-06-01 01:30:15.235Z",1.06878,1.06884
"exness","EURUSD","2023-06-01 01:30:16.402Z",1.06879,1.06884
"exness","EURUSD","2023-06-01 01:30:20.790Z",1.06876,1.06883
"exness","EURUSD","2023-06-01 01:30:20.875Z",1.06875,1.06881
"exness","EURUSD","2023-06-01 01:30:21.580Z",1.06873,1.06879
"exness","EURUSD","2023-06-01 01:30:22.329Z",1.06873,1.06878
"exness","EURUSD","2023-06-01 01:30:24.694Z",1.06874,1.0688
"exness","EURUSD","2023-06-01 01:30:27.451Z",1.06875,1.06882
"exness","EURUSD","2023-06-01 01:30:32.606Z",1.06874,1.0688
"exness","EURUSD","2023-06-01 01:30:34.350Z",1.06873,1.06879
"exness","EURUSD","2023-06-01 01:30:38.356Z",1.06871,1.06878
"exness","EURUSD","2023-06-01 01:30:38.662Z",1.0687,1.06876
"exness","EURUSD","2023-06-01 01:30:38.682Z",1.06868,1.06875
"exness","EURUSD","2023-06-01 01:30:39.324Z",1.06868,1.06873
"exness","EURUSD","2023-06-01 01:30:46.060Z",1.06866,1.06872
"exness","EURUSD","2023-06-01 01:30:56.537Z",1.06867,1.06872
"exness","EURUSD","2023-06-01 01:31:19.178Z",1.06867,1.06874
"exness","EURUSD","2023-06-01 01:31:26.742Z",1.06869,1.06875
"exness","EURUSD","2023-06-01 01:31:28.874Z",1.06868,1.06873
"exness","EURUSD","2023-06-01 01:31:31.651Z",1.06869,1.06875
"exness","EURUSD","2023-06-01 01:31:37.100Z",1.0687,1.06876
"exness","EURUSD","2023-06-01 01:31:37.349Z",1.06872,1.06878
