"Exness","Symbol","Timestamp","Bid","Ask"
"exness","EURUSD","2023-06-16 00:00:00.140Z",1.0945,1.09463
"exness","EURUSD","2023-06-16 00:00:04.413Z",1.09452,1.09465
"exness","EURUSD","2023-06-16 00:00:07.310Z",1.09454,1.09464
"exness","EURUSD","2023-06-16 00:00:08.421Z",1.09452,1.09465
"exness","EURUSD","2023-06-16 00:00:14.669Z",1.09451,1.09463
"exness","EURUSD","2023-06-16 00:00:19.990Z",1.09451,1.09461
"exness","EURUSD","2023-06-16 00:00:22.250Z",1.0945,1.09463
"exness","EURUSD","2023-06-16 00:00:26.041Z",1.09449,1.09461
"exness","EURUSD","2023-06-16 00:00:26.720Z",1.09448,1.0946
"exness","EURUSD","2023-06-16 00:00:27.711Z",1.09449,1.09462
"exness","EURUSD","2023-06-16 00:00:28.958Z",1.09451,1.09461
"exness","EURUSD","2023-06-16 00:00:31.552Z",1.0945,1.09462
"exness","EURUSD","2023-06-16 00:00:35.435Z",1.09451,1.09464
"exness","EURUSD","2023-06-16 00:00:35.869Z",1.09455,1.09465
"exness","EURUSD","2023-06-16 00:00:39.164Z",1.09453,1.09466
"exness","EURUSD","2023-06-16 00:00:41.312Z",1.09451,1.09463
"exness","EURUSD","2023-06-16 00:00:41.497Z",1.0945,1.0946
"exness","EURUSD","2023-06-16 00:00:42.709Z",1.0945,1.09462
"exness","EURUSD","2023-06-16 00:00:43.257Z",1.09449,1.09459
"exness","EURUSD","2023-06-16 00:00:44.846Z",1.09448,1.0946
"exness","EURUSD","2023-06-16 00:00:45.357Z",1.09449,1.09462
"exness","EURUSD","2023-06-16 00:00:46.403Z",1.09451,1.09463
"exness","EURUSD","2023-06-16 00:00:47.390Z",1.09452,1.09465
"exness","EURUSD","2023-06-16 00:00:48.148Z",1.09456,1.09466
"exness","EURUSD","2023-06-16 00:00:49.994Z",1.09454,1.09466
"exness","EURUSD","2023-06-16 00:00:55.856Z",1.09456,1.09466
"exness","EURUSD","2023-06-16 00:00:56.437Z",1.09456,1.09468
"exness","EURUSD","2023-06-16 00:00:57.578Z",1.09459,1.09469
"exness","EURUSD","2023-06-16 00:00:58.002Z",1.09459,1.09471
"exness","EURUSD","2023-06-16 00:00:58.609Z",1.09463,1.09473
"exness","EURUSD","2023-06-16 00:00:59.150Z",1.0946,1.09473
"exness","EURUSD","2023-06-16 00:01:07.250Z",1.09459,1.09472
"exness","EURUSD","2023-06-16 00:01:07.360Z",1.09462,1.09475
"exness","EURUSD","2023-06-16 00:01:07.417Z",1.09467,1.09477
"exness","EURUSD","2023-06-16 00:01:08.753Z",1.09466,1.09479
"exness","EURUSD","2023-06-16 00:01:09.283Z",1.09465,1.09477
"exness","EURUSD","2023-06-16 00:01:10.352Z",1.09466,1.09476
"exness","EURUSD","2023-06-16 00:01:11.370Z",1.09463,1.09476
"exness","EURUSD","2023-06-16 00:01:12.846Z",1.09465,1.09475
"exness","EURUSD","2023-06-16 00:01:16.812Z",1.09463,1.09476
"exness","EURUSD","2023-06-16 00:01:26.405Z",1.09462,1.09474
"exness","EURUSD","2023-06-16 00:01:27.930Z",1.0946,1.09473
"exness","EURUSD","2023-06-16 00:01:32.064Z",1.09461,1.09471
"exness","EURUSD","2023-06-16 00:01:32.112Z",1.09459,1.09472
"exness","EURUSD","2023-06-16 00:01:32.157Z",1.09456,1.09469
"exness","EURUSD","2023-06-16 00:01:32.369Z",1.09455,1.09465
"exness","EURUSD","2023-06-16 00:01:33.739Z",1.09453,1.09466
"exness","EURUSD","2023-06-16 00:01:41.584Z",1.09452,1.09464
"exness","EURUSD","2023-06-16 00:01:45.859Z",1.09454,1.09464
"exness","EURUSD","2023-06-16 00:01:50.196Z",1.09452,1.09465
"exness","EURUSD","2023-06-16 00:02:01.367Z",1.09454,1.09467
"exness","EURUSD","2023-06-16 00:02:01.382Z",1.09457,1.0947
"exness","EURUSD","2023-06-16 00:02:01.423Z",1.09461,1.09473
"exness","EURUSD","2023-06-16 00:02:03.161Z",1.09464,1.09474
"exness","EURUSD","2023-06-16 00:02:03.245Z",1.09463,1.09475
"exness","EURUSD","2023-06-16 00:02:03.743Z",1.09461,1.09474
"exness","EURUSD","2023-06-16 00:02:05.490Z",1.0946,1.09472
"exness","EURUSD","2023-06-16 00:02:16.120Z",1.09458,1.09471
"exness","EURUSD","2023-06-16 00:02:18.541Z",1.09456,1.09469
"exness","EURUSD","2023-06-16 00:02:19.294Z",1.09459,1.09469
"exness","EURUSD","2023-06-16 00:02:20.497Z",1.09458,1.0947
"exness","EURUSD","2023-06-16 00:02:27.885Z",1.09456,1.09468
"exness","EURUSD","2023-06-16 00:02:30.587Z",1.09457,1.09467
"exness","EURUSD","2023-06-16 00:02:31.175Z",1.09455,1.09467
"exness","EURUSD","2023-06-16 00:02:38.520Z",1.09456,1.09469
"exness","EURUSD","2023-06-16 00:02:39.295Z",1.09459,1.09469
"exness","EURUSD","2023-06-16 00:02:40.302Z",1.09458,1.09471
"exness","EURUSD","2023-06-16 00:02:45.399Z",1.0946,1.09472
"exness","EURUSD","2023-06-16 00:02:46.656Z",1.09462,1.09474
"exness","EURUSD","2023-06-16 00:02:47.908Z",1.09463,1.09473
"exness","EURUSD","2023-06-16 00:02:50.132Z",1.09462,1.09475
"exness","EURUSD","2023-06-16 00:02:56.242Z",1.09464,1.09477
"exness","EURUSD","2023-06-16 00:02:56.255Z",1.09468,1.0948
"exness","EURUSD","2023-06-16 00:02:58.298Z",1.0947,1.0948
"exness","EURUSD","2023-06-16 00:02:58.456Z",1.0947,1.09482
"exness","EURUSD","2023-06-16 00:02:59.144Z",1.09473,1.09486
"exness","EURUSD","2023-06-16 00:02:59.443Z",1.09476,1.09489
"exness","EURUSD","2023-06-16 00:03:00.608Z",1.09479,1.09491
"exness","EURUSD","2023-06-16 00:03:01.622Z",1.0948,1.0949
"exness","EURUSD","2023-06-16 00:03:04.017Z",1.09478,1.09491
"exness","EURUSD","2023-06-16 00:03:08.529Z",1.0948,1.0949200000000001
"exness","EURUSD","2023-06-16 00:03:11.177Z",1.09478,1.09491
"exness","EURUSD","2023-06-16 00:03:12.195Z",1.09479,1.09489
"exness","EURUSD","2023-06-16 00:03:15.859Z",1.09478,1.0949
"exness","EURUSD","2023-06-16 00:03:17.839Z",1.09479,1.0949200000000001
"exness","EURUSD","2023-06-16 00:03:18.580Z",1.09481,1.09494
"exness","EURUSD","2023-06-16 00:03:21.228Z",1.09479,1.0949200000000001
"exness","EURUSD","2023-06-16 00:03:22.238Z",1.0948,1.0949
"exness","EURUSD","2023-06-16 00:03:24.653Z",1.09478,1.09491
"exness","EURUSD","2023-06-16 00:03:30.845Z",1.09476,1.09488
"exness","EURUSD","2023-06-16 00:03:33.391Z",1.09477,1.0949
"exness","EURUSD","2023-06-16 00:03:34.977Z",1.09478,1.09488
"exness","EURUSD","2023-06-16 00:03:36.305Z",1.09477,1.09489
"exness","EURUSD","2023-06-16 00:03:38.305Z",1.09475,1.09488
"exness","EURUSD","2023-06-16 00:03:39.830Z",1.09477,1.09489
"exness","EURUSD","2023-06-16 00:03:39.900Z",1.0948,1.09493
"exness","EURUSD","2023-06-16 00:03:40.118Z",1.09483,1.09496
"exness","EURUSD","2023-06-16 00:03:41.830Z",1.09486,1.09496
"exness","EURUSD","2023-06-16 00:03:42.695Z",1.09483,1.09496
"exness","EURUSD","2023-06-16 00:03:45.206Z",1.09485,1.09495
"exness","EURUSD","2023-06-16 00:03:45.813Z",1.09483,1.09496
"exness","EURUSD","2023-06-16 00:03:52.041Z",1.09485,1.09495
"exness","EURUSD","2023-06-16 00:03:53.148Z",1.09483,1.09496
"exness","EURUSD","2023-06-16 00:03:57.021Z",1.09481,1.09494
"exness","EURUSD","2023-06-16 00:04:02.886Z",1.09482,1.0949200000000001
"exness","EURUSD","2023-06-16 00:04:03.053Z",1.0948,1.09493
"exness","EURUSD","2023-06-16 00:04:06.662Z",1.09481,1.09491
"exness","EURUSD","2023-06-16 00:04:09.385Z",1.0948,1.0949200000000001
"exness","EURUSD","2023-06-16 00:04:20.079Z",1.09481,1.09491
"exness","EURUSD","2023-06-16 00:04:23.098Z",1.09479,1.0949200000000001
"exness","EURUSD","2023-06-16 00:04:26.277Z",1.09478,1.0949
"exness","EURUSD","2023-06-16 00:04:26.480Z",1.09475,1.09487
"exness","EURUSD","2023-06-16 00:04:27.686Z",1.09474,1.09484
"exness","EURUSD","2023-06-16 00:04:30.347Z",1.09473,1.09485
"exness","EURUSD","2023-06-16 00:04:37.887Z",1.09472,1.09484
"exness","EURUSD","2023-06-16 00:04:39.774Z",1.0947,1.09483
"exness","EURUSD","2023-06-16 00:04:42.769Z",1.09471,1.09481
"exness","EURUSD","2023-06-16 00:04:48.840Z",1.0947,1.09483
"exness","EURUSD","2023-06-16 00:04:49.919Z",1.09473,1.09485
"exness","EURUSD","2023-06-16 00:04:51.515Z",1.09474,1.09484
"exness","EURUSD","2023-06-16 00:04:53.747Z",1.09473,1.09485
"exness","EURUSD","2023-06-16 00:05:00.612Z",1.09473,1.09483
"exness","EURUSD","2023-06-16 00:05:01.698Z",1.09472,1.09485
"exness","EURUSD","2023-06-16 00:05:05.955Z",1.09474,1.09487
"exness","EURUSD","2023-06-16 00:05:07.051Z",1.09476,1.09489
"exness","EURUSD","2023-06-16 00:05:08.187Z",1.09477,1.09487
"exness","EURUSD","2023-06-16 00:05:09.459Z",1.09476,1.09489
"exness","EURUSD","2023-06-16 00:05:14.557Z",1.09475,1.09487
"exness","EURUSD","2023-06-16 00:05:16.645Z",1.09475,1.09485
"exness","EURUSD","2023-06-16 00:05:18.767Z",1.09474,1.09487
"exness","EURUSD","2023-06-16 00:05:18.826Z",1.09478,1.0949
"exness","EURUSD","2023-06-16 00:05:19.112Z",1.09481,1.09493
"exness","EURUSD","2023-06-16 00:05:21.078Z",1.09483,1.09493
"exness","EURUSD","2023-06-16 00:05:22.848Z",1.09482,1.09494
"exness","EURUSD","2023-06-16 00:05:24.236Z",1.0948,1.09493
"exness","EURUSD","2023-06-16 00:05:28.322Z",1.09479,1.09491
"exness","EURUSD","2023-06-16 00:05:28.376Z",1.09476,1.09488
"exness","EURUSD","2023-06-16 00:05:29.193Z",1.09474,1.09487
"exness","EURUSD","2023-06-16 00:05:30.650Z",1.09473,1.09486
"exness","EURUSD","2023-06-16 00:05:53.361Z",1.09475,1.09488
"exness","EURUSD","2023-06-16 00:05:54.574Z",1.09477,1.0949
"exness","EURUSD","2023-06-16 00:05:59.037Z",1.09476,1.09489
"exness","EURUSD","2023-06-16 00:06:00.147Z",1.09473,1.09486
"exness","EURUSD","2023-06-16 00:06:00.928Z",1.09477,1.09487
"exness","EURUSD","2023-06-16 00:06:02.006Z",1.09476,1.09488
"exness","EURUSD","2023-06-16 00:06:05.268Z",1.09477,1.09489
"exness","EURUSD","2023-06-16 00:06:09.002Z",1.09478,1.0949
"exness","EURUSD","2023-06-16 00:06:12.113Z",1.0948,1.09493
"exness","EURUSD","2023-06-16 00:06:15.190Z",1.09482,1.09494
"exness","EURUSD","2023-06-16 00:06:17.150Z",1.09483,1.09496
"exness","EURUSD","2023-06-16 00:06:19.359Z",1.09485,1.09497
"exness","EURUSD","2023-06-16 00:06:19.388Z",1.09488,1.09501
"exness","EURUSD","2023-06-16 00:06:19.494Z",1.0949200000000001,1.0950199999999999
"exness","EURUSD","2023-06-16 00:06:19.584Z",1.0949200000000001,1.09504
"exness","EURUSD","2023-06-16 00:06:20.827Z",1.09493,1.09505
"exness","EURUSD","2023-06-16 00:06:31.817Z",1.09494,1.09507
"exness","EURUSD","2023-06-16 00:06:32.051Z",1.09497,1.0951
"exness","EURUSD","2023-06-16 00:06:40.246Z",1.095,1.09512
"exness","EURUSD","2023-06-16 00:06:40.745Z",1.09503,1.09515
"exness","EURUSD","2023-06-16 00:06:43.188Z",1.09503,1.09513
"exness","EURUSD","2023-06-16 00:06:43.196Z",1.09501,1.09514
"exness","EURUSD","2023-06-16 00:06:45.025Z",1.09499,1.09511
"exness","EURUSD","2023-06-16 00:06:46.185Z",1.095,1.0951
"exness","EURUSD","2023-06-16 00:06:57.101Z",1.09498,1.09511
"exness","EURUSD","2023-06-16 00:07:00.173Z",1.09497,1.09509
"exness","EURUSD","2023-06-16 00:07:00.637Z",1.09493,1.09506
"exness","EURUSD","2023-06-16 00:07:01.148Z",1.09494,1.09504
"exness","EURUSD","2023-06-16 00:07:01.999Z",1.09494,1.09506
"exness","EURUSD","2023-06-16 00:07:03.103Z",1.09495,1.09507
"exness","EURUSD","2023-06-16 00:07:18.355Z",1.09494,1.09504
"exness","EURUSD","2023-06-16 00:07:19.683Z",1.0949200000000001,1.09504
"exness","EURUSD","2023-06-16 00:07:20.862Z",1.0949,1.09503
"exness","EURUSD","2023-06-16 00:07:26.680Z",1.09491,1.09504
"exness","EURUSD","2023-06-16 00:07:27.908Z",1.09493,1.09503
"exness","EURUSD","2023-06-16 00:07:27.949Z",1.0949200000000001,1.09505
"exness","EURUSD","2023-06-16 00:07:31.286Z",1.09493,1.09503
"exness","EURUSD","2023-06-16 00:07:35.686Z",1.09491,1.09504
"exness","EURUSD","2023-06-16 00:07:50.080Z",1.0949,1.0950199999999999
"exness","EURUSD","2023-06-16 00:07:51.120Z",1.09488,1.095
"exness","EURUSD","2023-06-16 00:08:06.621Z",1.09487,1.09499
"exness","EURUSD","2023-06-16 00:08:07.124Z",1.0949,1.0950199999999999
"exness","EURUSD","2023-06-16 00:08:07.233Z",1.09494,1.09504
"exness","EURUSD","2023-06-16 00:08:08.931Z",1.09494,1.09506
"exness","EURUSD","2023-06-16 00:08:10.912Z",1.09495,1.09505
"exness","EURUSD","2023-06-16 00:08:11.806Z",1.09493,1.09505
"exness","EURUSD","2023-06-16 00:08:12.085Z",1.0949200000000001,1.0950199999999999
"exness","EURUSD","2023-06-16 00:08:13.261Z",1.09489,1.0950199999999999
"exness","EURUSD","2023-06-16 00:08:15.856Z",1.0949,1.095
"exness","EURUSD","2023-06-16 00:08:19.752Z",1.09489,1.09501
"exness","EURUSD","2023-06-16 00:08:23.429Z",1.09488,1.095
"exness","EURUSD","2023-06-16 00:08:26.915Z",1.09486,1.09498
"exness","EURUSD","2023-06-16 00:08:34.322Z",1.09487,1.09497
"exness","EURUSD","2023-06-16 00:08:45.249Z",1.09486,1.09498
"exness","EURUSD","2023-06-16 00:09:06.776Z",1.09485,1.09497
"exness","EURUSD","2023-06-16 00:09:07.132Z",1.09481,1.09494
"exness","EURUSD","2023-06-16 00:09:09.691Z",1.09482,1.0949200000000001
"exness","EURUSD","2023-06-16 00:09:18.312Z",1.09481,1.09493
"exness","EURUSD","2023-06-16 00:09:18.440Z",1.09482,1.09495
"exness","EURUSD","2023-06-16 00:09:21.082Z",1.09484,1.09497
"exness","EURUSD","2023-06-16 00:09:22.166Z",1.09485,1.09495
"exness","EURUSD","2023-06-16 00:09:23.461Z",1.09484,1.09496
"exness","EURUSD","2023-06-16 00:09:24.124Z",1.09482,1.09495
"exness","EURUSD","2023-06-16 00:09:25.479Z",1.09481,1.09493
"exness","EURUSD","2023-06-16 00:09:31.293Z",1.09483,1.09493
"exness","EURUSD","2023-06-16 00:09:31.328Z",1.09482,1.09495
"exness","EURUSD","2023-06-16 00:09:34.506Z",1.09484,1.09494
"exness","EURUSD","2023-06-16 00:09:40.548Z",1.09483,1.09496
"exness","EURUSD","2023-06-16 00:09:48.422Z",1.09481,1.09494
"exness","EURUSD","2023-06-16 00:09:49.617Z",1.0948,1.09493
"exness","EURUSD","2023-06-16 00:09:50.632Z",1.09481,1.09491
"exness","EURUSD","2023-06-16 00:09:51.683Z",1.0948,1.09493
"exness","EURUSD","2023-06-16 00:09:59.072Z",1.09482,1.09495
"exness","EURUSD","2023-06-16 00:10:00.997Z",1.09483,1.09496
"exness","EURUSD","2023-06-16 00:10:12.196Z",1.09486,1.09498
"exness","EURUSD","2023-06-16 00:10:12.365Z",1.09489,1.09501
"exness","EURUSD","2023-06-16 00:10:12.406Z",1.0949200000000001,1.09504
"exness","EURUSD","2023-06-16 00:10:19.025Z",1.09493,1.09505
"exness","EURUSD","2023-06-16 00:10:20.107Z",1.09495,1.09505
"exness","EURUSD","2023-06-16 00:10:28.568Z",1.09495,1.09508
"exness","EURUSD","2023-06-16 00:10:29.650Z",1.09497,1.0951
"exness","EURUSD","2023-06-16 00:10:30.804Z",1.09499,1.09511
"exness","EURUSD","2023-06-16 00:10:32.832Z",1.095,1.09512
"exness","EURUSD","2023-06-16 00:10:35.018Z",1.09501,1.09511
"exness","EURUSD","2023-06-16 00:10:36.428Z",1.09499,1.09512
"exness","EURUSD","2023-06-16 00:10:38.480Z",1.095,1.0951
"exness","EURUSD","2023-06-16 00:10:40.054Z",1.09499,1.09511
"exness","EURUSD","2023-06-16 00:10:42.466Z",1.09497,1.09509
"exness","EURUSD","2023-06-16 00:10:43.769Z",1.09496,1.09508
"exness","EURUSD","2023-06-16 00:10:44.842Z",1.09496,1.09506
"exness","EURUSD","2023-06-16 00:10:48.209Z",1.09495,1.09508
"exness","EURUSD","2023-06-16 00:10:51.417Z",1.09494,1.09506
"exness","EURUSD","2023-06-16 00:11:08.609Z",1.09495,1.09505
"exness","EURUSD","2023-06-16 00:11:10.511Z",1.09494,1.09506
"exness","EURUSD","2023-06-16 00:11:17.424Z",1.09494,1.09504
"exness","EURUSD","2023-06-16 00:11:18.703Z",1.09494,1.09506
"exness","EURUSD","2023-06-16 00:11:31.540Z",1.09495,1.09505
"exness","EURUSD","2023-06-16 00:11:32.624Z",1.09494,1.09506
"exness","EURUSD","2023-06-16 00:11:33.664Z",1.09495,1.09505
"exness","EURUSD","2023-06-16 00:11:35.057Z",1.09494,1.09506
"exness","EURUSD","2023-06-16 00:11:37.631Z",1.09497,1.09503
"exness","EURUSD","2023-06-16 00:11:47.871Z",1.09499,1.09505
"exness","EURUSD","2023-06-16 00:11:48.899Z",1.09497,1.09504
"exness","EURUSD","2023-06-16 00:11:52.584Z",1.09499,1.09504
"exness","EURUSD","2023-06-16 00:11:57.820Z",1.095,1.09507
"exness","EURUSD","2023-06-16 00:11:58.713Z",1.09499,1.09505
"exness","EURUSD","2023-06-16 00:12:10.122Z",1.095,1.09506
"exness","EURUSD","2023-06-16 00:12:10.206Z",1.0950199999999999,1.09507
"exness","EURUSD","2023-06-16 00:12:21.217Z",1.095,1.09507
"exness","EURUSD","2023-06-16 00:12:21.301Z",1.09499,1.09505
"exness","EURUSD","2023-06-16 00:12:39.681Z",1.09497,1.09503
"exness","EURUSD","2023-06-16 00:12:48.594Z",1.09498,1.09504
"exness","EURUSD","2023-06-16 00:12:54.874Z",1.09498,1.09503
"exness","EURUSD","2023-06-16 00:12:56.225Z",1.09498,1.09504
"exness","EURUSD","2023-06-16 00:13:06.487Z",1.09499,1.09504
"exness","EURUSD","2023-06-16 00:13:08.392Z",1.09498,1.09504
"exness","EURUSD","2023-06-16 00:13:16.104Z",1.09497,1.09503
"exness","EURUSD","2023-06-16 00:13:45.013Z",1.09495,1.09501
"exness","EURUSD","2023-06-16 00:13:53.955Z",1.09494,1.095
"exness","EURUSD","2023-06-16 00:14:26.405Z",1.09495,1.09501
"exness","EURUSD","2023-06-16 00:14:31.266Z",1.09496,1.0950199999999999
"exness","EURUSD","2023-06-16 00:14:41.029Z",1.09495,1.09501
"exness","EURUSD","2023-06-16 00:14:45.720Z",1.09496,1.0950199999999999
"exness","EURUSD","2023-06-16 00:14:45.808Z",1.09497,1.09504
"exness","EURUSD","2023-06-16 00:14:45.821Z",1.09499,1.09505
"exness","EURUSD","2023-06-16 00:14:45.879Z",1.095,1.09507
"exness","EURUSD","2023-06-16 00:14:46.611Z",1.0950199999999999,1.09507
"exness","EURUSD","2023-06-16 00:14:47.307Z",1.0950199999999999,1.09509
"exness","EURUSD","2023-06-16 00:14:47.328Z",1.09504,1.09509
"exness","EURUSD","2023-06-16 00:14:49.337Z",1.09503,1.09509
"exness","EURUSD","2023-06-16 00:14:51.566Z",1.0950199999999999,1.09508
"exness","EURUSD","2023-06-16 00:14:52.172Z",1.095,1.09506
"exness","EURUSD","2023-06-16 00:14:54.213Z",1.095,1.09505
"exness","EURUSD","2023-06-16 00:14:54.330Z",1.09501,1.09507
"exness","EURUSD","2023-06-16 00:14:56.464Z",1.09499,1.09505
"exness","EURUSD","2023-06-16 00:14:57.587Z",1.09497,1.09504
"exness","EURUSD","2023-06-16 00:14:58.324Z",1.09499,1.09505
"exness","EURUSD","2023-06-16 00:14:58.437Z",1.09501,1.09507
"exness","EURUSD","2023-06-16 00:15:01.863Z",1.0950199999999999,1.09507
"exness","EURUSD","2023-06-16 00:15:02.281Z",1.09501,1.09507
"exness","EURUSD","2023-06-16 00:15:02.360Z",1.09499,1.09505
"exness","EURUSD","2023-06-16 00:15:05.407Z",1.09499,1.09504
"exness","EURUSD","2023-06-16 00:15:10.132Z",1.09499,1.09506
"exness","EURUSD","2023-06-16 00:15:10.175Z",1.09501,1.09506
"exness","EURUSD","2023-06-16 00:15:10.796Z",1.09501,1.09508
"exness","EURUSD","2023-06-16 00:15:14.218Z",1.095,1.09506
"exness","EURUSD","2023-06-16 00:15:20.021Z",1.09498,1.09504
"exness","EURUSD","2023-06-16 00:15:22.393Z",1.09499,1.09505
"exness","EURUSD","2023-06-16 00:15:22.466Z",1.09501,1.09507
"exness","EURUSD","2023-06-16 00:15:22.490Z",1.0950199999999999,1.09508
"exness","EURUSD","2023-06-16 00:15:22.562Z",1.09504,1.09509
"exness","EURUSD","2023-06-16 00:15:23.180Z",1.09504,1.0951
"exness","EURUSD","2023-06-16 00:15:24.743Z",1.09503,1.09508
"exness","EURUSD","2023-06-16 00:15:26.720Z",1.09501,1.09508
"exness","EURUSD","2023-06-16 00:15:27.610Z",1.095,1.09506
"exness","EURUSD","2023-06-16 00:15:33.256Z",1.09503,1.09508
"exness","EURUSD","2023-06-16 00:15:34.517Z",1.09501,1.09508
"exness","EURUSD","2023-06-16 00:15:40.215Z",1.09501,1.09506
"exness","EURUSD","2023-06-16 00:15:45.061Z",1.095,1.09506
"exness","EURUSD","2023-06-16 00:15:48.856Z",1.09498,1.09505
"exness","EURUSD","2023-06-16 00:15:51.620Z",1.09497,1.09503
"exness","EURUSD","2023-06-16 00:15:51.866Z",1.09496,1.09501
"exness","EURUSD","2023-06-16 00:15:54.306Z",1.09495,1.09501
"exness","EURUSD","2023-06-16 00:16:04.651Z",1.09494,1.095
"exness","EURUSD","2023-06-16 00:16:08.202Z",1.09494,1.09499
"exness","EURUSD","2023-06-16 00:16:10.339Z",1.09494,1.095
"exness","EURUSD","2023-06-16 00:16:10.422Z",1.09495,1.0950199999999999
"exness","EURUSD","2023-06-16 00:16:14.826Z",1.09497,1.09503
"exness","EURUSD","2023-06-16 00:16:26.823Z",1.09498,1.09503
"exness","EURUSD","2023-06-16 00:16:29.233Z",1.09498,1.09504
"exness","EURUSD","2023-06-16 00:16:38.314Z",1.09498,1.09503
"exness","EURUSD","2023-06-16 00:16:43.092Z",1.09497,1.09503
"exness","EURUSD","2023-06-16 00:16:44.558Z",1.09494,1.09501
"exness","EURUSD","2023-06-16 00:16:46.067Z",1.09493,1.095
"exness","EURUSD","2023-06-16 00:17:04.502Z",1.09493,1.09498
"exness","EURUSD","2023-06-16 00:17:04.549Z",1.0949200000000001,1.09498
"exness","EURUSD","2023-06-16 00:17:04.561Z",1.0949,1.09496
"exness","EURUSD","2023-06-16 00:17:05.646Z",1.09491,1.09497
"exness","EURUSD","2023-06-16 00:17:14.400Z",1.0949,1.09496
"exness","EURUSD","2023-06-16 00:17:16.997Z",1.09491,1.09497
"exness","EURUSD","2023-06-16 00:17:19.105Z",1.0949200000000001,1.09497
"exness","EURUSD","2023-06-16 00:17:36.857Z",1.09494,1.095
"exness","EURUSD","2023-06-16 00:17:38.331Z",1.0949200000000001,1.09499
"exness","EURUSD","2023-06-16 00:17:41.346Z",1.09494,1.095
"exness","EURUSD","2023-06-16 00:17:59.452Z",1.09493,1.09499
"exness","EURUSD","2023-06-16 00:18:15.456Z",1.09491,1.09497
"exness","EURUSD","2023-06-16 00:18:17.570Z",1.0949,1.09495
"exness","EURUSD","2023-06-16 00:18:31.456Z",1.09491,1.09497
"exness","EURUSD","2023-06-16 00:18:41.364Z",1.0949,1.09495
"exness","EURUSD","2023-06-16 00:18:48.409Z",1.09491,1.09497
"exness","EURUSD","2023-06-16 00:18:50.925Z",1.0949200000000001,1.09497
"exness","EURUSD","2023-06-16 00:18:52.024Z",1.09491,1.09497
"exness","EURUSD","2023-06-16 00:19:25.297Z",1.09489,1.09495
"exness","EURUSD","2023-06-16 00:19:29.247Z",1.09488,1.09493
"exness","EURUSD","2023-06-16 00:20:00.255Z",1.09486,1.09493
"exness","EURUSD","2023-06-16 00:20:01.989Z",1.09484,1.09491
"exness","EURUSD","2023-06-16 00:20:02.015Z",1.09483,1.09489
"exness","EURUSD","2023-06-16 00:20:05.331Z",1.09483,1.09488
"exness","EURUSD","2023-06-16 00:20:05.415Z",1.09483,1.09489
"exness","EURUSD","2023-06-16 00:20:05.462Z",1.09485,1.09491
"exness","EURUSD","2023-06-16 00:20:06.053Z",1.09483,1.09489
"exness","EURUSD","2023-06-16 00:20:06.912Z",1.09481,1.09488
"exness","EURUSD","2023-06-16 00:20:06.933Z",1.0948,1.09486
"exness","EURUSD","2023-06-16 00:20:07.938Z",1.0948,1.09485
"exness","EURUSD","2023-06-16 00:20:11.793Z",1.09477,1.09483
"exness","EURUSD","2023-06-16 00:20:11.924Z",1.09476,1.09482
"exness","EURUSD","2023-06-16 00:20:11.982Z",1.09474,1.0948
"exness","EURUSD","2023-06-16 00:20:13.810Z",1.09475,1.09482
"exness","EURUSD","2023-06-16 00:20:14.743Z",1.09477,1.09482
"exness","EURUSD","2023-06-16 00:20:17.232Z",1.09476,1.09482
"exness","EURUSD","2023-06-16 00:20:18.451Z",1.09475,1.09481
"exness","EURUSD","2023-06-16 00:20:29.585Z",1.09474,1.09479
"exness","EURUSD","2023-06-16 00:20:31.149Z",1.09472,1.09478
"exness","EURUSD","2023-06-16 00:20:33.404Z",1.09471,1.09477
"exness","EURUSD","2023-06-16 00:20:33.817Z",1.09472,1.09479
"exness","EURUSD","2023-06-16 00:20:34.329Z",1.09474,1.09479
"exness","EURUSD","2023-06-16 00:21:01.068Z",1.09474,1.0948
"exness","EURUSD","2023-06-16 00:21:53.018Z",1.09475,1.09481
"exness","EURUSD","2023-06-16 00:21:56.058Z",1.09476,1.09483
"exness","EURUSD","2023-06-16 00:22:07.649Z",1.09475,1.0948
"exness","EURUSD","2023-06-16 00:22:07.709Z",1.09474,1.0948
"exness","EURUSD","2023-06-16 00:22:07.949Z",1.09473,1.09478
"exness","EURUSD","2023-06-16 00:22:12.503Z",1.09472,1.09478
"exness","EURUSD","2023-06-16 00:22:12.691Z",1.09474,1.0948
"exness","EURUSD","2023-06-16 00:22:12.723Z",1.09475,1.09482
"exness","EURUSD","2023-06-16 00:22:17.121Z",1.09477,1.09482
"exness","EURUSD","2023-06-16 00:22:19.905Z",1.09476,1.09482
"exness","EURUSD","2023-06-16 00:22:36.953Z",1.09474,1.09481
"exness","EURUSD","2023-06-16 00:22:40.790Z",1.09476,1.09482
"exness","EURUSD","2023-06-16 00:22:41.015Z",1.09474,1.09481
"exness","EURUSD","2023-06-16 00:22:41.862Z",1.09473,1.09479
"exness","EURUSD","2023-06-16 00:22:52.350Z",1.09472,1.09478
"exness","EURUSD","2023-06-16 00:23:23.602Z",1.09474,1.0948
"exness","EURUSD","2023-06-16 00:23:24.602Z",1.09474,1.09479
"exness","EURUSD","2023-06-16 00:23:24.616Z",1.09472,1.09479
"exness","EURUSD","2023-06-16 00:23:56.958Z",1.09473,1.0948
"exness","EURUSD","2023-06-16 00:24:00.165Z",1.09473,1.09478
"exness","EURUSD","2023-06-16 00:24:09.842Z",1.09473,1.0948
"exness","EURUSD","2023-06-16 00:24:58.693Z",1.09472,1.09478
"exness","EURUSD","2023-06-16 00:24:58.710Z",1.0947,1.09476
"exness","EURUSD","2023-06-16 00:25:00.700Z",1.09469,1.09475
"exness","EURUSD","2023-06-16 00:25:09.882Z",1.09469,1.09474
"exness","EURUSD","2023-06-16 00:25:35.318Z",1.09469,1.09475
"exness","EURUSD","2023-06-16 00:25:58.340Z",1.0947,1.09476
"exness","EURUSD","2023-06-16 00:26:02.968Z",1.0947,1.09475
"exness","EURUSD","2023-06-16 00:26:12.922Z",1.09469,1.09475
"exness","EURUSD","2023-06-16 00:26:31.741Z",1.09468,1.09473
"exness","EURUSD","2023-06-16 00:26:34.182Z",1.09468,1.09474
"exness","EURUSD","2023-06-16 00:26:56.610Z",1.09469,1.09474
"exness","EURUSD","2023-06-16 00:27:00.131Z",1.0947,1.09476
"exness","EURUSD","2023-06-16 00:27:02.043Z",1.09472,1.09478
"exness","EURUSD","2023-06-16 00:27:42.989Z",1.09469,1.09475
"exness","EURUSD","2023-06-16 00:28:01.228Z",1.09469,1.09474
"exness","EURUSD","2023-06-16 00:28:16.767Z",1.0947,1.09476
"exness","EURUSD","2023-06-16 00:28:17.501Z",1.09471,1.09478
"exness","EURUSD","2023-06-16 00:28:22.200Z",1.09471,1.09476
"exness","EURUSD","2023-06-16 00:28:24.378Z",1.09471,1.09478
"exness","EURUSD","2023-06-16 00:28:28.006Z",1.09473,1.09479
"exness","EURUSD","2023-06-16 00:28:36.697Z",1.09472,1.09478
"exness","EURUSD","2023-06-16 00:28:42.432Z",1.0947,1.09476
"exness","EURUSD","2023-06-16 00:28:55.180Z",1.09469,1.09475
"exness","EURUSD","2023-06-16 00:29:00.053Z",1.09468,1.09474
"exness","EURUSD","2023-06-16 00:29:02.605Z",1.09466,1.09472
"exness","EURUSD","2023-06-16 00:29:03.341Z",1.09464,1.09471
"exness","EURUSD","2023-06-16 00:29:08.723Z",1.09464,1.09469
"exness","EURUSD","2023-06-16 00:29:55.114Z",1.09462,1.09468
"exness","EURUSD","2023-06-16 00:29:55.136Z",1.0946,1.09467
"exness","EURUSD","2023-06-16 00:30:00.310Z",1.09463,1.09468
"exness","EURUSD","2023-06-16 00:30:00.335Z",1.09463,1.09469
"exness","EURUSD","2023-06-16 00:30:01.482Z",1.09464,1.09471
"exness","EURUSD","2023-06-16 00:30:05.538Z",1.09465,1.09472
"exness","EURUSD","2023-06-16 00:30:06.472Z",1.09465,1.0947
"exness","EURUSD","2023-06-16 00:30:11.502Z",1.09464,1.0947
"exness","EURUSD","2023-06-16 00:30:17.565Z",1.09462,1.09468
"exness","EURUSD","2023-06-16 00:30:17.632Z",1.0946,1.09466
"exness","EURUSD","2023-06-16 00:30:18.645Z",1.09459,1.09465
"exness","EURUSD","2023-06-16 00:30:39.864Z",1.0946,1.09466
"exness","EURUSD","2023-06-16 00:30:41.880Z",1.0946,1.09465
"exness","EURUSD","2023-06-16 00:30:44.147Z",1.0946,1.09466
"exness","EURUSD","2023-06-16 00:30:44.724Z",1.09462,1.09468
"exness","EURUSD","2023-06-16 00:30:46.772Z",1.09463,1.09469
"exness","EURUSD","2023-06-16 00:30:47.069Z",1.09462,1.09467
"exness","EURUSD","2023-06-16 00:30:48.051Z",1.09461,1.09467
"exness","EURUSD","2023-06-16 00:30:49.132Z",1.09461,1.09466
"exness","EURUSD","2023-06-16 00:30:49.772Z",1.09461,1.09467
"exness","EURUSD","2023-06-16 00:30:53.234Z",1.09462,1.09468
"exness","EURUSD","2023-06-16 00:31:08.238Z",1.09461,1.09467
"exness","EURUSD","2023-06-16 00:31:10.716Z",1.0946,1.09466
"exness","EURUSD","2023-06-16 00:31:13.600Z",1.09459,1.09465
"exness","EURUSD","2023-06-16 00:31:24.201Z",1.09459,1.09464
"exness","EURUSD","2023-06-16 00:31:25.216Z",1.09459,1.09465
"exness","EURUSD","2023-06-16 00:31:45.968Z",1.09457,1.09464
"exness","EURUSD","2023-06-16 00:31:54.992Z",1.09455,1.09462
"exness","EURUSD","2023-06-16 00:31:59.758Z",1.09455,1.0946
"exness","EURUSD","2023-06-16 00:32:20.238Z",1.09457,1.09463
"exness","EURUSD","2023-06-16 00:32:20.669Z",1.09455,1.09461
"exness","EURUSD","2023-06-16 00:32:23.558Z",1.09453,1.0946
"exness","EURUSD","2023-06-16 00:32:24.523Z",1.09453,1.09458
"exness","EURUSD","2023-06-16 00:32:24.560Z",1.09452,1.09458
"exness","EURUSD","2023-06-16 00:32:24.723Z",1.0945,1.09456
"exness","EURUSD","2023-06-16 00:32:28.396Z",1.09449,1.09455
"exness","EURUSD","2023-06-16 00:32:28.498Z",1.09448,1.09453
"exness","EURUSD","2023-06-16 00:32:28.688Z",1.09447,1.09453
"exness","EURUSD","2023-06-16 00:32:28.753Z",1.09445,1.09452
"exness","EURUSD","2023-06-16 00:32:30.138Z",1.09444,1.0945
"exness","EURUSD","2023-06-16 00:32:31.720Z",1.09445,1.0945
"exness","EURUSD","2023-06-16 00:32:40.162Z",1.09444,1.0945
"exness","EURUSD","2023-06-16 00:32:40.746Z",1.09445,1.09452
"exness","EURUSD","2023-06-16 00:32:41.867Z",1.09444,1.0945
"exness","EURUSD","2023-06-16 00:32:46.947Z",1.09442,1.09448
"exness","EURUSD","2023-06-16 00:32:48.097Z",1.0944099999999999,1.09447
"exness","EURUSD","2023-06-16 00:32:48.719Z",1.09439,1.09445
"exness","EURUSD","2023-06-16 00:32:52.305Z",1.09438,1.09444
"exness","EURUSD","2023-06-16 00:32:55.124Z",1.09438,1.09443
"exness","EURUSD","2023-06-16 00:33:08.747Z",1.09439,1.09445
"exness","EURUSD","2023-06-16 00:33:13.062Z",1.09439,1.09444
"exness","EURUSD","2023-06-16 00:33:16.933Z",1.09439,1.09445
"exness","EURUSD","2023-06-16 00:33:22.235Z",1.0944099999999999,1.09446
"exness","EURUSD","2023-06-16 00:33:30.918Z",1.0944099999999999,1.09447
"exness","EURUSD","2023-06-16 00:33:31.091Z",1.0944,1.09445
"exness","EURUSD","2023-06-16 00:33:46.786Z",1.09438,1.09445
"exness","EURUSD","2023-06-16 00:33:55.322Z",1.09439,1.09446
"exness","EURUSD","2023-06-16 00:34:05.049Z",1.0944099999999999,1.09446
"exness","EURUSD","2023-06-16 00:34:05.224Z",1.0944099999999999,1.09447
"exness","EURUSD","2023-06-16 00:34:06.226Z",1.0944,1.09446
"exness","EURUSD","2023-06-16 00:34:07.577Z",1.09438,1.09444
"exness","EURUSD","2023-06-16 00:34:08.579Z",1.09438,1.09443
"exness","EURUSD","2023-06-16 00:34:14.921Z",1.09438,1.09444
"exness","EURUSD","2023-06-16 00:34:36.447Z",1.0944,1.09445
"exness","EURUSD","2023-06-16 00:34:46.697Z",1.0944,1.09446
"exness","EURUSD","2023-06-16 00:34:46.802Z",1.09442,1.09448
"exness","EURUSD","2023-06-16 00:34:46.822Z",1.09443,1.0945
"exness","EURUSD","2023-06-16 00:34:47.210Z",1.09445,1.09451
"exness","EURUSD","2023-06-16 00:34:47.525Z",1.09447,1.09453
"exness","EURUSD","2023-06-16 00:34:48.110Z",1.09448,1.09455
"exness","EURUSD","2023-06-16 00:35:02.816Z",1.0945,1.09456
"exness","EURUSD","2023-06-16 00:35:02.863Z",1.09452,1.09458
"exness","EURUSD","2023-06-16 00:35:02.871Z",1.09453,1.0946
"exness","EURUSD","2023-06-16 00:35:04.946Z",1.09455,1.0946
"exness","EURUSD","2023-06-16 00:35:10.851Z",1.09452,1.09459
"exness","EURUSD","2023-06-16 00:35:10.879Z",1.09451,1.09457
"exness","EURUSD","2023-06-16 00:35:10.903Z",1.09449,1.09456
"exness","EURUSD","2023-06-16 00:35:11.325Z",1.09449,1.09454
"exness","EURUSD","2023-06-16 00:35:13.437Z",1.09447,1.09453
"exness","EURUSD","2023-06-16 00:35:13.507Z",1.09445,1.09451
"exness","EURUSD","2023-06-16 00:35:14.069Z",1.09444,1.09449
"exness","EURUSD","2023-06-16 00:35:38.588Z",1.09444,1.0945
"exness","EURUSD","2023-06-16 00:35:53.283Z",1.09445,1.09452
"exness","EURUSD","2023-06-16 00:36:01.868Z",1.09445,1.0945
"exness","EURUSD","2023-06-16 00:36:05.047Z",1.09446,1.09451
"exness","EURUSD","2023-06-16 00:36:06.601Z",1.09446,1.09452
"exness","EURUSD","2023-06-16 00:36:17.112Z",1.09447,1.09453
"exness","EURUSD","2023-06-16 00:36:17.132Z",1.09448,1.09455
"exness","EURUSD","2023-06-16 00:36:17.615Z",1.09448,1.09453
"exness","EURUSD","2023-06-16 00:36:23.303Z",1.09449,1.09455
"exness","EURUSD","2023-06-16 00:36:36.674Z",1.0945,1.09456
"exness","EURUSD","2023-06-16 00:36:37.572Z",1.0945,1.09455
"exness","EURUSD","2023-06-16 00:36:38.302Z",1.0945,1.09456
"exness","EURUSD","2023-06-16 00:36:51.873Z",1.09451,1.09456
"exness","EURUSD","2023-06-16 00:36:57.669Z",1.0945,1.09456
"exness","EURUSD","2023-06-16 00:37:06.109Z",1.09451,1.09457
"exness","EURUSD","2023-06-16 00:37:06.227Z",1.09453,1.09458
"exness","EURUSD","2023-06-16 00:37:08.741Z",1.09453,1.09459
"exness","EURUSD","2023-06-16 00:37:08.969Z",1.09455,1.0946
"exness","EURUSD","2023-06-16 00:37:11.049Z",1.09454,1.0946
"exness","EURUSD","2023-06-16 00:37:11.232Z",1.09452,1.09458
"exness","EURUSD","2023-06-16 00:37:11.505Z",1.09451,1.09456
"exness","EURUSD","2023-06-16 00:37:16.416Z",1.09449,1.09455
"exness","EURUSD","2023-06-16 00:37:24.193Z",1.09448,1.09454
"exness","EURUSD","2023-06-16 00:37:24.216Z",1.09449,1.09454
"exness","EURUSD","2023-06-16 00:37:25.325Z",1.09448,1.09454
"exness","EURUSD","2023-06-16 00:37:37.289Z",1.09449,1.09455
"exness","EURUSD","2023-06-16 00:37:47.270Z",1.09448,1.09454
"exness","EURUSD","2023-06-16 00:37:51.753Z",1.09447,1.09452
"exness","EURUSD","2023-06-16 00:37:52.811Z",1.09446,1.09452
"exness","EURUSD","2023-06-16 00:38:09.851Z",1.09446,1.09451
"exness","EURUSD","2023-06-16 00:38:16.449Z",1.09445,1.09451
"exness","EURUSD","2023-06-16 00:38:23.753Z",1.09446,1.09452
"exness","EURUSD","2023-06-16 00:38:41.431Z",1.09445,1.0945
"exness","EURUSD","2023-06-16 00:38:51.662Z",1.09445,1.09451
"exness","EURUSD","2023-06-16 00:39:28.398Z",1.09445,1.0945
"exness","EURUSD","2023-06-16 00:39:53.633Z",1.09444,1.0945
"exness","EURUSD","2023-06-16 00:40:04.507Z",1.09446,1.09451
"exness","EURUSD","2023-06-16 00:40:20.098Z",1.09445,1.09451
"exness","EURUSD","2023-06-16 00:40:46.635Z",1.09446,1.09452
"exness","EURUSD","2023-06-16 00:41:02.767Z",1.09445,1.0945
"exness","EURUSD","2023-06-16 00:41:02.890Z",1.09446,1.09452
"exness","EURUSD","2023-06-16 00:41:15.720Z",1.09445,1.0945
"exness","EURUSD","2023-06-16 00:41:21.612Z",1.09444,1.0945
"exness","EURUSD","2023-06-16 00:41:32.849Z",1.09445,1.09451
"exness","EURUSD","2023-06-16 00:41:54.232Z",1.09445,1.0945
"exness","EURUSD","2023-06-16 00:42:22.387Z",1.09445,1.09451
"exness","EURUSD","2023-06-16 00:42:26.846Z",1.09445,1.0945
"exness","EURUSD","2023-06-16 00:43:07.079Z",1.09445,1.09451
"exness","EURUSD","2023-06-16 00:43:22.341Z",1.09444,1.0945
"exness","EURUSD","2023-06-16 00:43:30.707Z",1.09445,1.09451
"exness","EURUSD","2023-06-16 00:43:35.552Z",1.09445,1.0945
"exness","EURUSD","2023-06-16 00:43:59.166Z",1.09445,1.09451
"exness","EURUSD","2023-06-16 00:44:01.206Z",1.09446,1.09451
"exness","EURUSD","2023-06-16 00:44:05.498Z",1.09444,1.0945
"exness","EURUSD","2023-06-16 00:44:35.951Z",1.09446,1.09451
"exness","EURUSD","2023-06-16 00:44:36.122Z",1.09444,1.0945
"exness","EURUSD","2023-06-16 00:44:36.356Z",1.09442,1.09449
"exness","EURUSD","2023-06-16 00:44:39.288Z",1.09445,1.09451
"exness","EURUSD","2023-06-16 00:44:43.432Z",1.09447,1.09453
"exness","EURUSD","2023-06-16 00:44:43.442Z",1.09448,1.09455
"exness","EURUSD","2023-06-16 00:44:43.491Z",1.0945,1.09456
"exness","EURUSD","2023-06-16 00:44:44.149Z",1.09451,1.09458
"exness","EURUSD","2023-06-16 00:44:44.174Z",1.09453,1.09459
"exness","EURUSD","2023-06-16 00:44:44.192Z",1.09455,1.09461
"exness","EURUSD","2023-06-16 00:44:48.112Z",1.09456,1.09461
"exness","EURUSD","2023-06-16 00:44:48.970Z",1.09457,1.09463
"exness","EURUSD","2023-06-16 00:44:49.970Z",1.09458,1.09464
"exness","EURUSD","2023-06-16 00:44:51.241Z",1.09459,1.09465
"exness","EURUSD","2023-06-16 00:44:52.422Z",1.0946,1.09467
"exness","EURUSD","2023-06-16 00:44:55.146Z",1.09459,1.09465
"exness","EURUSD","2023-06-16 00:44:55.626Z",1.09457,1.09463
"exness","EURUSD","2023-06-16 00:44:56.642Z",1.09458,1.09464
"exness","EURUSD","2023-06-16 00:45:10.587Z",1.09456,1.09462
"exness","EURUSD","2023-06-16 00:45:10.694Z",1.09454,1.09461
"exness","EURUSD","2023-06-16 00:45:19.015Z",1.09452,1.09459
"exness","EURUSD","2023-06-16 00:45:19.043Z",1.09451,1.09457
"exness","EURUSD","2023-06-16 00:45:19.094Z",1.09449,1.09455
"exness","EURUSD","2023-06-16 00:45:20.014Z",1.09449,1.09454
"exness","EURUSD","2023-06-16 00:45:20.428Z",1.09449,1.09456
"exness","EURUSD","2023-06-16 00:45:22.860Z",1.09451,1.09457
"exness","EURUSD","2023-06-16 00:45:30.348Z",1.09449,1.09456
"exness","EURUSD","2023-06-16 00:45:40.198Z",1.09447,1.09453
"exness","EURUSD","2023-06-16 00:45:40.380Z",1.09446,1.09452
"exness","EURUSD","2023-06-16 00:45:40.482Z",1.09444,1.0945
"exness","EURUSD","2023-06-16 00:46:03.414Z",1.09445,1.09451
"exness","EURUSD","2023-06-16 00:46:14.337Z",1.09444,1.0945
"exness","EURUSD","2023-06-16 00:46:16.345Z",1.09445,1.0945
"exness","EURUSD","2023-06-16 00:46:34.941Z",1.09445,1.09452
"exness","EURUSD","2023-06-16 00:46:35.341Z",1.09447,1.09453
"exness","EURUSD","2023-06-16 00:46:37.657Z",1.09448,1.09454
"exness","EURUSD","2023-06-16 00:46:41.490Z",1.09449,1.09454
"exness","EURUSD","2023-06-16 00:46:47.676Z",1.0945,1.09456
"exness","EURUSD","2023-06-16 00:46:56.256Z",1.09449,1.09455
"exness","EURUSD","2023-06-16 00:46:56.505Z",1.09447,1.09453
"exness","EURUSD","2023-06-16 00:47:01.776Z",1.09446,1.09452
"exness","EURUSD","2023-06-16 00:47:02.242Z",1.09445,1.0945
"exness","EURUSD","2023-06-16 00:47:09.933Z",1.09445,1.09451
"exness","EURUSD","2023-06-16 00:47:22.162Z",1.09444,1.0945
"exness","EURUSD","2023-06-16 00:47:22.697Z",1.09443,1.09448
"exness","EURUSD","2023-06-16 00:47:23.608Z",1.09443,1.0945
"exness","EURUSD","2023-06-16 00:47:26.083Z",1.09443,1.09448
"exness","EURUSD","2023-06-16 00:47:36.296Z",1.09444,1.0945
"exness","EURUSD","2023-06-16 00:47:42.133Z",1.09445,1.09452
"exness","EURUSD","2023-06-16 00:47:42.643Z",1.09447,1.09452
"exness","EURUSD","2023-06-16 00:47:44.968Z",1.09446,1.09452
"exness","EURUSD","2023-06-16 00:47:48.853Z",1.09444,1.0945
"exness","EURUSD","2023-06-16 00:47:48.904Z",1.09443,1.09449
"exness","EURUSD","2023-06-16 00:47:51.740Z",1.09442,1.09447
"exness","EURUSD","2023-06-16 00:48:45.623Z",1.0944099999999999,1.09447
"exness","EURUSD","2023-06-16 00:49:35.927Z",1.09442,1.09447
"exness","EURUSD","2023-06-16 00:49:47.561Z",1.0944099999999999,1.09447
"exness","EURUSD","2023-06-16 00:50:01.149Z",1.0944,1.09446
"exness","EURUSD","2023-06-16 00:50:04.513Z",1.09439,1.09445
"exness","EURUSD","2023-06-16 00:50:08.567Z",1.09439,1.09444
"exness","EURUSD","2023-06-16 00:50:16.286Z",1.09437,1.09443
"exness","EURUSD","2023-06-16 00:50:16.331Z",1.09435,1.09442
"exness","EURUSD","2023-06-16 00:50:16.537Z",1.09434,1.0944
"exness","EURUSD","2023-06-16 00:50:17.548Z",1.09432,1.09439
"exness","EURUSD","2023-06-16 00:50:20.685Z",1.09433,1.09438
"exness","EURUSD","2023-06-16 00:50:32.136Z",1.0943,1.09436
"exness","EURUSD","2023-06-16 00:50:37.486Z",1.09429,1.09435
"exness","EURUSD","2023-06-16 00:51:01.134Z",1.09427,1.09433
"exness","EURUSD","2023-06-16 00:51:02.143Z",1.09426,1.09432
"exness","EURUSD","2023-06-16 00:51:06.807Z",1.09427,1.09432
"exness","EURUSD","2023-06-16 00:51:33.311Z",1.09428,1.09434
"exness","EURUSD","2023-06-16 00:51:33.593Z",1.0943,1.09435
"exness","EURUSD","2023-06-16 00:51:33.736Z",1.0943,1.09436
"exness","EURUSD","2023-06-16 00:51:33.774Z",1.09432,1.09438
"exness","EURUSD","2023-06-16 00:51:37.572Z",1.09433,1.09439
"exness","EURUSD","2023-06-16 00:51:38.799Z",1.09433,1.09438
"exness","EURUSD","2023-06-16 00:51:49.895Z",1.09432,1.09438
"exness","EURUSD","2023-06-16 00:52:07.459Z",1.09434,1.0944
"exness","EURUSD","2023-06-16 00:52:09.954Z",1.09434,1.09439
"exness","EURUSD","2023-06-16 00:52:14.326Z",1.09432,1.09438
"exness","EURUSD","2023-06-16 00:52:14.340Z",1.0943,1.09436
"exness","EURUSD","2023-06-16 00:52:15.521Z",1.09429,1.09435
"exness","EURUSD","2023-06-16 00:52:16.189Z",1.09427,1.09433
"exness","EURUSD","2023-06-16 00:52:30.165Z",1.09429,1.09435
"exness","EURUSD","2023-06-16 00:52:30.240Z",1.0943100000000001,1.09437
"exness","EURUSD","2023-06-16 00:52:30.374Z",1.09432,1.09438
"exness","EURUSD","2023-06-16 00:52:30.396Z",1.09434,1.0944
"exness","EURUSD","2023-06-16 00:52:34.037Z",1.09434,1.09439
"exness","EURUSD","2023-06-16 00:52:36.118Z",1.0943100000000001,1.09438
"exness","EURUSD","2023-06-16 00:52:38.995Z",1.09433,1.09439
"exness","EURUSD","2023-06-16 00:52:41.925Z",1.09432,1.09438
"exness","EURUSD","2023-06-16 00:52:42.706Z",1.0943,1.09437
"exness","EURUSD","2023-06-16 00:52:45.119Z",1.09429,1.09435
"exness","EURUSD","2023-06-16 00:52:48.793Z",1.0943100000000001,1.09437
"exness","EURUSD","2023-06-16 00:52:49.473Z",1.09432,1.09437
"exness","EURUSD","2023-06-16 00:52:52.813Z",1.09433,1.09439
"exness","EURUSD","2023-06-16 00:53:02.404Z",1.09433,1.09438
"exness","EURUSD","2023-06-16 00:53:33.683Z",1.0943,1.09437
"exness","EURUSD","2023-06-16 00:53:35.756Z",1.0943100000000001,1.09438
"exness","EURUSD","2023-06-16 00:53:38.115Z",1.09429,1.09435
"exness","EURUSD","2023-06-16 00:53:40.530Z",1.09428,1.09434
"exness","EURUSD","2023-06-16 00:53:46.770Z",1.09429,1.09436
"exness","EURUSD","2023-06-16 00:53:46.843Z",1.0943100000000001,1.09437
"exness","EURUSD","2023-06-16 00:53:52.116Z",1.0943,1.09436
"exness","EURUSD","2023-06-16 00:53:52.164Z",1.09428,1.09435
"exness","EURUSD","2023-06-16 00:53:52.331Z",1.09427,1.09433
"exness","EURUSD","2023-06-16 00:53:55.965Z",1.09426,1.0943100000000001
"exness","EURUSD","2023-06-16 00:54:00.892Z",1.09425,1.0943100000000001
"exness","EURUSD","2023-06-16 00:54:02.679Z",1.09424,1.09429
"exness","EURUSD","2023-06-16 00:54:04.463Z",1.09425,1.0943100000000001
"exness","EURUSD","2023-06-16 00:54:06.733Z",1.09426,1.09432
"exness","EURUSD","2023-06-16 00:54:07.025Z",1.09428,1.09434
"exness","EURUSD","2023-06-16 00:54:07.068Z",1.09429,1.09435
"exness","EURUSD","2023-06-16 00:54:07.484Z",1.0943100000000001,1.09437
"exness","EURUSD","2023-06-16 00:54:10.029Z",1.09429,1.09436
"exness","EURUSD","2023-06-16 00:54:10.060Z",1.09427,1.09433
"exness","EURUSD","2023-06-16 00:54:11.401Z",1.09426,1.09432
"exness","EURUSD","2023-06-16 00:54:12.473Z",1.09425,1.0943
"exness","EURUSD","2023-06-16 00:54:13.467Z",1.09426,1.09432
"exness","EURUSD","2023-06-16 00:54:19.530Z",1.09425,1.0943100000000001
"exness","EURUSD","2023-06-16 00:54:19.783Z",1.09423,1.09429
"exness","EURUSD","2023-06-16 00:54:19.802Z",1.09422,1.09428
"exness","EURUSD","2023-06-16 00:54:22.221Z",1.0942,1.09426
"exness","EURUSD","2023-06-16 00:54:22.238Z",1.09419,1.09425
"exness","EURUSD","2023-06-16 00:54:22.290Z",1.09418,1.09423
"exness","EURUSD","2023-06-16 00:54:22.457Z",1.09416,1.09423
"exness","EURUSD","2023-06-16 00:54:24.971Z",1.09414,1.09421
"exness","EURUSD","2023-06-16 00:54:24.986Z",1.09412,1.09418
"exness","EURUSD","2023-06-16 00:54:24.993Z",1.09411,1.09417
"exness","EURUSD","2023-06-16 00:54:25.001Z",1.09409,1.09415
"exness","EURUSD","2023-06-16 00:54:25.009Z",1.09407,1.09414
"exness","EURUSD","2023-06-16 00:54:25.372Z",1.09409,1.09416
"exness","EURUSD","2023-06-16 00:54:25.803Z",1.09409,1.09414
"exness","EURUSD","2023-06-16 00:54:26.013Z",1.09409,1.09416
"exness","EURUSD","2023-06-16 00:54:27.299Z",1.09411,1.09417
"exness","EURUSD","2023-06-16 00:54:29.677Z",1.09413,1.09418
"exness","EURUSD","2023-06-16 00:54:29.689Z",1.09413,1.0942
"exness","EURUSD","2023-06-16 00:54:29.712Z",1.09415,1.09421
"exness","EURUSD","2023-06-16 00:54:29.787Z",1.09417,1.09422
"exness","EURUSD","2023-06-16 00:54:29.999Z",1.09415,1.09422
"exness","EURUSD","2023-06-16 00:54:30.699Z",1.09414,1.0942
"exness","EURUSD","2023-06-16 00:54:30.711Z",1.09412,1.09418
"exness","EURUSD","2023-06-16 00:54:30.721Z",1.09411,1.09417
"exness","EURUSD","2023-06-16 00:54:30.734Z",1.0941,1.09415
"exness","EURUSD","2023-06-16 00:54:30.743Z",1.09408,1.09415
"exness","EURUSD","2023-06-16 00:54:30.847Z",1.09407,1.09413
"exness","EURUSD","2023-06-16 00:54:31.559Z",1.09408,1.09413
"exness","EURUSD","2023-06-16 00:54:32.617Z",1.09407,1.09414
"exness","EURUSD","2023-06-16 00:54:35.434Z",1.09405,1.09412
"exness","EURUSD","2023-06-16 00:54:35.439Z",1.09404,1.0941
"exness","EURUSD","2023-06-16 00:54:35.474Z",1.09402,1.09409
"exness","EURUSD","2023-06-16 00:54:35.517Z",1.09401,1.09407
"exness","EURUSD","2023-06-16 00:54:35.529Z",1.09399,1.09405
"exness","EURUSD","2023-06-16 00:54:35.559Z",1.094,1.09407
"exness","EURUSD","2023-06-16 00:54:35.580Z",1.09402,1.09408
"exness","EURUSD","2023-06-16 00:54:35.813Z",1.09404,1.0941
"exness","EURUSD","2023-06-16 00:54:39.439Z",1.09402,1.09408
"exness","EURUSD","2023-06-16 00:54:39.444Z",1.09401,1.09407
"exness","EURUSD","2023-06-16 00:54:39.585Z",1.09399,1.09405
"exness","EURUSD","2023-06-16 00:54:39.997Z",1.09397,1.09404
"exness","EURUSD","2023-06-16 00:54:46.228Z",1.09399,1.09405
"exness","EURUSD","2023-06-16 00:54:46.469Z",1.094,1.09407
"exness","EURUSD","2023-06-16 00:54:46.779Z",1.09402,1.09407
"exness","EURUSD","2023-06-16 00:54:49.595Z",1.09403,1.09409
"exness","EURUSD","2023-06-16 00:54:49.604Z",1.09405,1.0941
"exness","EURUSD","2023-06-16 00:54:49.633Z",1.09403,1.09409
"exness","EURUSD","2023-06-16 00:54:49.850Z",1.09405,1.09411
"exness","EURUSD","2023-06-16 00:54:49.899Z",1.09407,1.09413
"exness","EURUSD","2023-06-16 00:54:51.736Z",1.09408,1.09414
"exness","EURUSD","2023-06-16 00:54:51.831Z",1.09409,1.09416
"exness","EURUSD","2023-06-16 00:54:52.867Z",1.09409,1.09414
"exness","EURUSD","2023-06-16 00:54:52.873Z",1.09407,1.09414
"exness","EURUSD","2023-06-16 00:54:52.880Z",1.09406,1.09412
"exness","EURUSD","2023-06-16 00:54:52.889Z",1.09404,1.0941
"exness","EURUSD","2023-06-16 00:54:52.927Z",1.09404,1.09409
"exness","EURUSD","2023-06-16 00:54:52.934Z",1.09402,1.09408
"exness","EURUSD","2023-06-16 00:54:52.939Z",1.094,1.09406
"exness","EURUSD","2023-06-16 00:54:52.945Z",1.09398,1.09405
"exness","EURUSD","2023-06-16 00:54:53.783Z",1.094,1.09406
"exness","EURUSD","2023-06-16 00:54:53.921Z",1.09401,1.09407
"exness","EURUSD","2023-06-16 00:54:54.229Z",1.09403,1.09409
"exness","EURUSD","2023-06-16 00:54:54.945Z",1.09404,1.09411
"exness","EURUSD","2023-06-16 00:54:54.963Z",1.09406,1.09412
"exness","EURUSD","2023-06-16 00:54:55.468Z",1.09407,1.09414
"exness","EURUSD","2023-06-16 00:54:55.898Z",1.09409,1.09415
"exness","EURUSD","2023-06-16 00:54:56.611Z",1.09411,1.09417
"exness","EURUSD","2023-06-16 00:54:56.711Z",1.09413,1.09419
"exness","EURUSD","2023-06-16 00:54:56.959Z",1.09414,1.0942
"exness","EURUSD","2023-06-16 00:55:00.111Z",1.09413,1.09419
"exness","EURUSD","2023-06-16 00:55:00.188Z",1.09412,1.09417
"exness","EURUSD","2023-06-16 00:55:03.884Z",1.0941,1.09416
"exness","EURUSD","2023-06-16 00:55:03.904Z",1.09409,1.09415
"exness","EURUSD","2023-06-16 00:55:05.198Z",1.0941,1.09416
"exness","EURUSD","2023-06-16 00:55:05.713Z",1.09409,1.09414
"exness","EURUSD","2023-06-16 00:55:06.771Z",1.0941,1.09416
"exness","EURUSD","2023-06-16 00:55:07.971Z",1.09411,1.09417
"exness","EURUSD","2023-06-16 00:55:11.549Z",1.0941,1.09416
"exness","EURUSD","2023-06-16 00:55:19.279Z",1.09411,1.09416
"exness","EURUSD","2023-06-16 00:55:21.995Z",1.0941,1.09416
"exness","EURUSD","2023-06-16 00:55:24.365Z",1.09411,1.09417
"exness","EURUSD","2023-06-16 00:55:28.293Z",1.09412,1.09417
"exness","EURUSD","2023-06-16 00:55:29.467Z",1.09413,1.09419
"exness","EURUSD","2023-06-16 00:55:30.020Z",1.09414,1.09419
"exness","EURUSD","2023-06-16 00:55:36.799Z",1.09415,1.09421
"exness","EURUSD","2023-06-16 00:55:38.834Z",1.09414,1.0942
"exness","EURUSD","2023-06-16 00:55:44.632Z",1.09415,1.09421
"exness","EURUSD","2023-06-16 00:55:45.951Z",1.09417,1.09422
"exness","EURUSD","2023-06-16 00:55:50.655Z",1.09417,1.09423
"exness","EURUSD","2023-06-16 00:55:52.003Z",1.09419,1.09426
"exness","EURUSD","2023-06-16 00:55:52.026Z",1.09421,1.09427
"exness","EURUSD","2023-06-16 00:55:52.292Z",1.09423,1.09429
"exness","EURUSD","2023-06-16 00:55:52.473Z",1.09424,1.09429
"exness","EURUSD","2023-06-16 00:55:56.152Z",1.09424,1.0943
"exness","EURUSD","2023-06-16 00:55:58.886Z",1.09423,1.09429
"exness","EURUSD","2023-06-16 00:56:02.119Z",1.09424,1.09429
"exness","EURUSD","2023-06-16 00:56:02.721Z",1.09422,1.09429
"exness","EURUSD","2023-06-16 00:56:05.155Z",1.09421,1.09427
"exness","EURUSD","2023-06-16 00:56:05.181Z",1.09419,1.09425
"exness","EURUSD","2023-06-16 00:56:05.223Z",1.09417,1.09424
"exness","EURUSD","2023-06-16 00:56:06.239Z",1.09418,1.09423
"exness","EURUSD","2023-06-16 00:56:06.267Z",1.09416,1.09422
"exness","EURUSD","2023-06-16 00:56:07.296Z",1.09416,1.09421
"exness","EURUSD","2023-06-16 00:56:08.529Z",1.09416,1.09422
"exness","EURUSD","2023-06-16 00:56:12.346Z",1.09415,1.09421
"exness","EURUSD","2023-06-16 00:56:17.945Z",1.09414,1.0942
"exness","EURUSD","2023-06-16 00:56:24.535Z",1.09413,1.09418
"exness","EURUSD","2023-06-16 00:56:34.467Z",1.09412,1.09418
"exness","EURUSD","2023-06-16 00:56:37.292Z",1.09414,1.0942
"exness","EURUSD","2023-06-16 00:56:37.332Z",1.09415,1.09421
"exness","EURUSD","2023-06-16 00:56:37.352Z",1.09417,1.09423
"exness","EURUSD","2023-06-16 00:56:37.465Z",1.09418,1.09423
"exness","EURUSD","2023-06-16 00:56:37.496Z",1.09418,1.09425
"exness","EURUSD","2023-06-16 00:56:41.421Z",1.09417,1.09423
"exness","EURUSD","2023-06-16 00:56:43.407Z",1.09416,1.09422
"exness","EURUSD","2023-06-16 00:56:44.626Z",1.09417,1.09422
"exness","EURUSD","2023-06-16 00:56:44.631Z",1.09418,1.09424
"exness","EURUSD","2023-06-16 00:56:44.637Z",1.09419,1.09425
"exness","EURUSD","2023-06-16 00:56:44.663Z",1.09421,1.09427
"exness","EURUSD","2023-06-16 00:56:47.433Z",1.09422,1.09427
"exness","EURUSD","2023-06-16 00:56:47.630Z",1.0942,1.09426
"exness","EURUSD","2023-06-16 00:56:47.643Z",1.09419,1.09425
"exness","EURUSD","2023-06-16 00:56:47.696Z",1.09417,1.09423
"exness","EURUSD","2023-06-16 00:56:56.408Z",1.09419,1.09424
"exness","EURUSD","2023-06-16 00:56:56.458Z",1.09419,1.09425
"exness","EURUSD","2023-06-16 00:56:56.666Z",1.09421,1.09427
"exness","EURUSD","2023-06-16 00:56:57.435Z",1.09422,1.09427
"exness","EURUSD","2023-06-16 00:56:57.945Z",1.0942,1.09427
"exness","EURUSD","2023-06-16 00:56:57.978Z",1.09419,1.09425
"exness","EURUSD","2023-06-16 00:56:58.002Z",1.09417,1.09424
"exness","EURUSD","2023-06-16 00:57:00.442Z",1.09416,1.09422
"exness","EURUSD","2023-06-16 00:57:14.958Z",1.09414,1.0942
"exness","EURUSD","2023-06-16 00:57:15.310Z",1.09413,1.09419
"exness","EURUSD","2023-06-16 00:57:16.422Z",1.09414,1.0942
"exness","EURUSD","2023-06-16 00:57:18.526Z",1.09413,1.09419
"exness","EURUSD","2023-06-16 00:57:30.647Z",1.09412,1.09417
"exness","EURUSD","2023-06-16 00:57:32.374Z",1.09412,1.09419
"exness","EURUSD","2023-06-16 00:57:33.504Z",1.09415,1.0942
"exness","EURUSD","2023-06-16 00:57:33.517Z",1.09415,1.09421
"exness","EURUSD","2023-06-16 00:57:33.577Z",1.09416,1.09423
"exness","EURUSD","2023-06-16 00:57:37.073Z",1.09418,1.09423
"exness","EURUSD","2023-06-16 00:57:42.908Z",1.09416,1.09422
"exness","EURUSD","2023-06-16 00:57:45.521Z",1.09414,1.09421
"exness","EURUSD","2023-06-16 00:57:46.103Z",1.09414,1.09419
"exness","EURUSD","2023-06-16 00:57:47.554Z",1.09414,1.0942
"exness","EURUSD","2023-06-16 00:57:47.595Z",1.09416,1.09422
"exness","EURUSD","2023-06-16 00:57:49.735Z",1.09415,1.09421
"exness","EURUSD","2023-06-16 00:57:49.844Z",1.09414,1.09419
"exness","EURUSD","2023-06-16 00:57:53.280Z",1.09414,1.09421
"exness","EURUSD","2023-06-16 00:57:54.246Z",1.09416,1.09421
"exness","EURUSD","2023-06-16 00:58:06.662Z",1.09414,1.0942
"exness","EURUSD","2023-06-16 00:58:23.934Z",1.09413,1.09418
"exness","EURUSD","2023-06-16 00:58:35.924Z",1.09414,1.0942
"exness","EURUSD","2023-06-16 00:58:36.568Z",1.09414,1.09419
"exness","EURUSD","2023-06-16 00:58:38.318Z",1.09412,1.09418
"exness","EURUSD","2023-06-16 00:58:38.351Z",1.09411,1.09417
"exness","EURUSD","2023-06-16 00:58:45.563Z",1.09408,1.09414
"exness","EURUSD","2023-06-16 00:58:45.578Z",1.09407,1.09413
"exness","EURUSD","2023-06-16 00:58:46.662Z",1.09406,1.09412
"exness","EURUSD","2023-06-16 00:59:00.185Z",1.09408,1.09414
"exness","EURUSD","2023-06-16 00:59:04.280Z",1.09409,1.09414
"exness","EURUSD","2023-06-16 00:59:10.083Z",1.09411,1.09416
"exness","EURUSD","2023-06-16 00:59:14.400Z",1.09412,1.09418
"exness","EURUSD","2023-06-16 00:59:14.602Z",1.09413,1.0942
"exness","EURUSD","2023-06-16 00:59:15.024Z",1.09415,1.09421
"exness","EURUSD","2023-06-16 00:59:18.649Z",1.09416,1.09421
"exness","EURUSD","2023-06-16 00:59:25.423Z",1.09416,1.09423
"exness","EURUSD","2023-06-16 00:59:36.315Z",1.09418,1.09424
"exness","EURUSD","2023-06-16 00:59:36.398Z",1.0942,1.09425
"exness","EURUSD","2023-06-16 00:59:36.858Z",1.09418,1.09424
"exness","EURUSD","2023-06-16 00:59:37.433Z",1.09418,1.09423
"exness","EURUSD","2023-06-16 00:59:39.052Z",1.09417,1.09423
"exness","EURUSD","2023-06-16 00:59:39.513Z",1.09415,1.09421
"exness","EURUSD","2023-06-16 00:59:40.779Z",1.09417,1.09422
"exness","EURUSD","2023-06-16 00:59:40.861Z",1.09418,1.09424
"exness","EURUSD","2023-06-16 00:59:41.036Z",1.09419,1.09426
"exness","EURUSD","2023-06-16 00:59:44.694Z",1.09421,1.09426
"exness","EURUSD","2023-06-16 00:59:45.600Z",1.09419,1.09426
"exness","EURUSD","2023-06-16 00:59:48.263Z",1.09418,1.09425
"exness","EURUSD","2023-06-16 00:59:53.676Z",1.09417,1.09424
"exness","EURUSD","2023-06-16 01:00:01.980Z",1.09419,1.09424
"exness","EURUSD","2023-06-16 01:00:05.038Z",1.0942,1.09426
"exness","EURUSD","2023-06-16 01:00:07.369Z",1.09418,1.09425
"exness","EURUSD","2023-06-16 01:00:13.980Z",1.0942,1.09426
"exness","EURUSD","2023-06-16 01:00:14.008Z",1.09418,1.09424
"exness","EURUSD","2023-06-16 01:00:16.172Z",1.0942,1.09426
"exness","EURUSD","2023-06-16 01:00:17.482Z",1.09421,1.09427
"exness","EURUSD","2023-06-16 01:00:18.510Z",1.09422,1.09427
"exness","EURUSD","2023-06-16 01:00:21.678Z",1.09423,1.09429
"exness","EURUSD","2023-06-16 01:00:22.171Z",1.09424,1.0943
"exness","EURUSD","2023-06-16 01:00:22.190Z",1.09426,1.09432
"exness","EURUSD","2023-06-16 01:00:25.777Z",1.09424,1.0943
"exness","EURUSD","2023-06-16 01:00:25.910Z",1.09423,1.09429
"exness","EURUSD","2023-06-16 01:00:26.745Z",1.09424,1.0943100000000001
"exness","EURUSD","2023-06-16 01:00:27.687Z",1.09426,1.09432
"exness","EURUSD","2023-06-16 01:00:32.436Z",1.09427,1.09432
"exness","EURUSD","2023-06-16 01:00:32.456Z",1.09427,1.09434
"exness","EURUSD","2023-06-16 01:00:34.987Z",1.0943,1.09436
"exness","EURUSD","2023-06-16 01:00:35.066Z",1.0943100000000001,1.09436
"exness","EURUSD","2023-06-16 01:00:41.096Z",1.09432,1.09439
"exness","EURUSD","2023-06-16 01:00:41.161Z",1.09434,1.0944
"exness","EURUSD","2023-06-16 01:00:42.221Z",1.09434,1.09439
"exness","EURUSD","2023-06-16 01:00:44.431Z",1.09434,1.0944
"exness","EURUSD","2023-06-16 01:00:45.275Z",1.09436,1.09442
"exness","EURUSD","2023-06-16 01:00:52.747Z",1.09434,1.0944
"exness","EURUSD","2023-06-16 01:00:52.768Z",1.09432,1.09439
"exness","EURUSD","2023-06-16 01:00:52.793Z",1.0943100000000001,1.09437
"exness","EURUSD","2023-06-16 01:00:54.450Z",1.09433,1.09438
"exness","EURUSD","2023-06-16 01:00:55.548Z",1.0943100000000001,1.09437
"exness","EURUSD","2023-06-16 01:00:59.319Z",1.0943,1.09436
"exness","EURUSD","2023-06-16 01:01:00.366Z",1.0943100000000001,1.09437
"exness","EURUSD","2023-06-16 01:01:03.893Z",1.09429,1.09436
"exness","EURUSD","2023-06-16 01:01:04.293Z",1.0943100000000001,1.09437
"exness","EURUSD","2023-06-16 01:01:04.807Z",1.09432,1.09437
"exness","EURUSD","2023-06-16 01:01:13.948Z",1.0943100000000001,1.09437
"exness","EURUSD","2023-06-16 01:01:21.548Z",1.09432,1.09439
"exness","EURUSD","2023-06-16 01:01:23.493Z",1.09434,1.09439
"exness","EURUSD","2023-06-16 01:01:24.914Z",1.09434,1.0944
"exness","EURUSD","2023-06-16 01:01:24.988Z",1.09435,1.09442
"exness","EURUSD","2023-06-16 01:01:25.016Z",1.09437,1.09443
"exness","EURUSD","2023-06-16 01:01:27.157Z",1.09438,1.09443
"exness","EURUSD","2023-06-16 01:01:27.317Z",1.09439,1.09445
"exness","EURUSD","2023-06-16 01:01:27.500Z",1.0944099999999999,1.09446
"exness","EURUSD","2023-06-16 01:01:28.668Z",1.0944099999999999,1.09447
"exness","EURUSD","2023-06-16 01:01:30.238Z",1.09442,1.09448
"exness","EURUSD","2023-06-16 01:01:32.646Z",1.09443,1.09448
"exness","EURUSD","2023-06-16 01:01:32.752Z",1.09442,1.09448
"exness","EURUSD","2023-06-16 01:01:32.994Z",1.0944,1.09446
"exness","EURUSD","2023-06-16 01:01:33.191Z",1.0944,1.09445
"exness","EURUSD","2023-06-16 01:01:33.397Z",1.09438,1.09444
"exness","EURUSD","2023-06-16 01:01:36.474Z",1.0944,1.09446
"exness","EURUSD","2023-06-16 01:01:37.557Z",1.0944099999999999,1.09448
"exness","EURUSD","2023-06-16 01:01:38.791Z",1.09443,1.09448
"exness","EURUSD","2023-06-16 01:01:39.836Z",1.09442,1.09448
"exness","EURUSD","2023-06-16 01:01:40.199Z",1.0944099999999999,1.09446
"exness","EURUSD","2023-06-16 01:01:41.497Z",1.0944,1.09446
"exness","EURUSD","2023-06-16 01:01:46.252Z",1.0944099999999999,1.09448
"exness","EURUSD","2023-06-16 01:01:52.095Z",1.09439,1.09445
"exness","EURUSD","2023-06-16 01:01:56.351Z",1.0944099999999999,1.09446
"exness","EURUSD","2023-06-16 01:01:58.261Z",1.0944099999999999,1.09448
"exness","EURUSD","2023-06-16 01:02:00.223Z",1.0944099999999999,1.09446
"exness","EURUSD","2023-06-16 01:02:00.268Z",1.0944,1.09446
"exness","EURUSD","2023-06-16 01:02:02.636Z",1.09442,1.09447
"exness","EURUSD","2023-06-16 01:02:05.533Z",1.0944,1.09446
"exness","EURUSD","2023-06-16 01:02:05.673Z",1.0944099999999999,1.09446
"exness","EURUSD","2023-06-16 01:02:10.466Z",1.09439,1.09446
"exness","EURUSD","2023-06-16 01:02:10.525Z",1.09438,1.09444
"exness","EURUSD","2023-06-16 01:02:11.356Z",1.0944,1.09445
"exness","EURUSD","2023-06-16 01:02:12.995Z",1.09437,1.09444
"exness","EURUSD","2023-06-16 01:02:16.446Z",1.09435,1.09442
"exness","EURUSD","2023-06-16 01:02:17.831Z",1.09437,1.09442
"exness","EURUSD","2023-06-16 01:02:18.004Z",1.09438,1.09444
"exness","EURUSD","2023-06-16 01:02:18.016Z",1.09439,1.09446
"exness","EURUSD","2023-06-16 01:02:18.032Z",1.0944099999999999,1.09447
"exness","EURUSD","2023-06-16 01:02:18.190Z",1.09442,1.09449
"exness","EURUSD","2023-06-16 01:02:18.298Z",1.09444,1.09449
"exness","EURUSD","2023-06-16 01:02:19.244Z",1.09444,1.0945
"exness","EURUSD","2023-06-16 01:02:24.608Z",1.09445,1.0945
"exness","EURUSD","2023-06-16 01:02:25.501Z",1.09444,1.0945
"exness","EURUSD","2023-06-16 01:02:27.882Z",1.09442,1.09448
"exness","EURUSD","2023-06-16 01:02:28.572Z",1.0944099999999999,1.09447
"exness","EURUSD","2023-06-16 01:02:33.035Z",1.09442,1.09447
"exness","EURUSD","2023-06-16 01:02:44.965Z",1.09442,1.09449
"exness","EURUSD","2023-06-16 01:02:49.564Z",1.09443,1.0945
"exness","EURUSD","2023-06-16 01:02:53.214Z",1.09445,1.0945
"exness","EURUSD","2023-06-16 01:03:07.401Z",1.09445,1.09452
"exness","EURUSD","2023-06-16 01:03:14.653Z",1.09447,1.09453
"exness","EURUSD","2023-06-16 01:03:19.362Z",1.09448,1.09454
"exness","EURUSD","2023-06-16 01:03:19.446Z",1.09448,1.09453
"exness","EURUSD","2023-06-16 01:03:22.359Z",1.09446,1.09452
"exness","EURUSD","2023-06-16 01:03:25.055Z",1.09446,1.09451
"exness","EURUSD","2023-06-16 01:03:25.551Z",1.09447,1.09453
"exness","EURUSD","2023-06-16 01:03:25.580Z",1.09448,1.09455
"exness","EURUSD","2023-06-16 01:03:26.393Z",1.0945,1.09456
"exness","EURUSD","2023-06-16 01:03:26.775Z",1.09448,1.09455
"exness","EURUSD","2023-06-16 01:03:28.633Z",1.0945,1.09456
"exness","EURUSD","2023-06-16 01:03:28.873Z",1.09449,1.09454
"exness","EURUSD","2023-06-16 01:03:31.778Z",1.0945,1.09456
"exness","EURUSD","2023-06-16 01:03:31.921Z",1.09449,1.09454
"exness","EURUSD","2023-06-16 01:03:33.091Z",1.0945,1.09456
"exness","EURUSD","2023-06-16 01:03:33.305Z",1.09452,1.09458
"exness","EURUSD","2023-06-16 01:03:33.319Z",1.09453,1.09459
"exness","EURUSD","2023-06-16 01:03:33.329Z",1.09455,1.09461
"exness","EURUSD","2023-06-16 01:03:33.920Z",1.09457,1.09462
"exness","EURUSD","2023-06-16 01:03:36.312Z",1.09457,1.09463
"exness","EURUSD","2023-06-16 01:03:39.471Z",1.09458,1.09464
"exness","EURUSD","2023-06-16 01:03:39.966Z",1.09459,1.09466
"exness","EURUSD","2023-06-16 01:03:40.717Z",1.09461,1.09467
"exness","EURUSD","2023-06-16 01:03:43.393Z",1.0946,1.09466
"exness","EURUSD","2023-06-16 01:03:47.503Z",1.09461,1.09467
"exness","EURUSD","2023-06-16 01:03:54.892Z",1.09459,1.09465
"exness","EURUSD","2023-06-16 01:03:55.953Z",1.09457,1.09464
"exness","EURUSD","2023-06-16 01:03:56.062Z",1.09457,1.09462
"exness","EURUSD","2023-06-16 01:03:57.152Z",1.09457,1.09463
"exness","EURUSD","2023-06-16 01:03:58.294Z",1.09456,1.09462
"exness","EURUSD","2023-06-16 01:04:02.699Z",1.09457,1.09463
"exness","EURUSD","2023-06-16 01:04:07.136Z",1.09456,1.09462
"exness","EURUSD","2023-06-16 01:04:18.171Z",1.09458,1.09465
"exness","EURUSD","2023-06-16 01:04:18.179Z",1.0946,1.09466
"exness","EURUSD","2023-06-16 01:04:19.122Z",1.09458,1.09464
"exness","EURUSD","2023-06-16 01:04:19.366Z",1.09458,1.09463
"exness","EURUSD","2023-06-16 01:04:31.619Z",1.09456,1.09463
"exness","EURUSD","2023-06-16 01:04:59.438Z",1.09455,1.09461
"exness","EURUSD","2023-06-16 01:04:59.459Z",1.09453,1.0946
"exness","EURUSD","2023-06-16 01:04:59.545Z",1.09452,1.09458
"exness","EURUSD","2023-06-16 01:05:02.445Z",1.0945,1.09456
"exness","EURUSD","2023-06-16 01:05:02.700Z",1.0945,1.09455
"exness","EURUSD","2023-06-16 01:05:02.787Z",1.0945,1.09457
"exness","EURUSD","2023-06-16 01:05:03.273Z",1.09452,1.09457
"exness","EURUSD","2023-06-16 01:05:07.122Z",1.0945,1.09456
"exness","EURUSD","2023-06-16 01:05:12.792Z",1.09451,1.09457
"exness","EURUSD","2023-06-16 01:05:21.009Z",1.0945,1.09456
"exness","EURUSD","2023-06-16 01:05:21.031Z",1.09448,1.09454
"exness","EURUSD","2023-06-16 01:05:22.071Z",1.09448,1.09453
"exness","EURUSD","2023-06-16 01:05:24.513Z",1.09448,1.09454
"exness","EURUSD","2023-06-16 01:05:31.977Z",1.09447,1.09453
"exness","EURUSD","2023-06-16 01:05:33.311Z",1.09448,1.09453
"exness","EURUSD","2023-06-16 01:05:35.855Z",1.09448,1.09455
"exness","EURUSD","2023-06-16 01:05:35.896Z",1.0945,1.09455
"exness","EURUSD","2023-06-16 01:05:42.974Z",1.09448,1.09455
"exness","EURUSD","2023-06-16 01:05:47.726Z",1.09448,1.09453
"exness","EURUSD","2023-06-16 01:05:47.902Z",1.09447,1.09453
"exness","EURUSD","2023-06-16 01:05:56.044Z",1.09446,1.09452
"exness","EURUSD","2023-06-16 01:06:03.537Z",1.09444,1.09451
"exness","EURUSD","2023-06-16 01:06:04.624Z",1.09444,1.09449
"exness","EURUSD","2023-06-16 01:06:12.539Z",1.09445,1.09451
"exness","EURUSD","2023-06-16 01:06:24.570Z",1.09446,1.09452
"exness","EURUSD","2023-06-16 01:06:24.583Z",1.09448,1.09454
"exness","EURUSD","2023-06-16 01:06:24.627Z",1.09449,1.09456
"exness","EURUSD","2023-06-16 01:06:25.636Z",1.09448,1.09454
"exness","EURUSD","2023-06-16 01:06:27.053Z",1.09446,1.09453
"exness","EURUSD","2023-06-16 01:06:42.623Z",1.09445,1.09451
"exness","EURUSD","2023-06-16 01:06:46.006Z",1.09446,1.09452
"exness","EURUSD","2023-06-16 01:06:52.122Z",1.09445,1.09451
"exness","EURUSD","2023-06-16 01:06:56.884Z",1.09446,1.09451
"exness","EURUSD","2023-06-16 01:06:59.090Z",1.09444,1.09451
"exness","EURUSD","2023-06-16 01:07:08.107Z",1.09446,1.09451
"exness","EURUSD","2023-06-16 01:07:10.167Z",1.09444,1.09451
"exness","EURUSD","2023-06-16 01:07:12.621Z",1.09445,1.09452
"exness","EURUSD","2023-06-16 01:07:20.484Z",1.09447,1.09453
"exness","EURUSD","2023-06-16 01:07:42.657Z",1.09448,1.09455
"exness","EURUSD","2023-06-16 01:07:46.347Z",1.0945,1.09456
"exness","EURUSD","2023-06-16 01:07:46.375Z",1.09451,1.09458
"exness","EURUSD","2023-06-16 01:07:46.659Z",1.09453,1.09459
"exness","EURUSD","2023-06-16 01:07:46.718Z",1.09455,1.09461
"exness","EURUSD","2023-06-16 01:07:53.114Z",1.09457,1.09463
"exness","EURUSD","2023-06-16 01:08:05.272Z",1.09456,1.09462
"exness","EURUSD","2023-06-16 01:08:08.775Z",1.09454,1.0946
"exness","EURUSD","2023-06-16 01:08:08.883Z",1.09452,1.09458
"exness","EURUSD","2023-06-16 01:08:17.116Z",1.0945,1.09456
"exness","EURUSD","2023-06-16 01:08:17.126Z",1.09448,1.09454
"exness","EURUSD","2023-06-16 01:08:35.375Z",1.0945,1.09456
"exness","EURUSD","2023-06-16 01:08:35.812Z",1.09452,1.09458
"exness","EURUSD","2023-06-16 01:08:40.481Z",1.09453,1.09459
"exness","EURUSD","2023-06-16 01:08:52.961Z",1.09452,1.09458
"exness","EURUSD","2023-06-16 01:08:53.524Z",1.0945,1.09456
"exness","EURUSD","2023-06-16 01:08:56.561Z",1.09449,1.09455
"exness","EURUSD","2023-06-16 01:09:12.661Z",1.09447,1.09453
"exness","EURUSD","2023-06-16 01:09:12.719Z",1.09445,1.09452
"exness","EURUSD","2023-06-16 01:09:12.743Z",1.09444,1.0945
"exness","EURUSD","2023-06-16 01:09:12.899Z",1.09443,1.09448
"exness","EURUSD","2023-06-16 01:09:13.010Z",1.09442,1.09448
"exness","EURUSD","2023-06-16 01:09:17.018Z",1.09443,1.09449
"exness","EURUSD","2023-06-16 01:09:22.567Z",1.0944099999999999,1.09448
"exness","EURUSD","2023-06-16 01:09:43.009Z",1.09443,1.09449
"exness","EURUSD","2023-06-16 01:09:51.508Z",1.0944099999999999,1.09448
"exness","EURUSD","2023-06-16 01:09:53.695Z",1.09443,1.09448
"exness","EURUSD","2023-06-16 01:10:03.166Z",1.09442,1.09448
"exness","EURUSD","2023-06-16 01:10:09.817Z",1.09442,1.09447
"exness","EURUSD","2023-06-16 01:10:10.272Z",1.0944,1.09446
"exness","EURUSD","2023-06-16 01:10:10.294Z",1.09438,1.09445
"exness","EURUSD","2023-06-16 01:10:10.981Z",1.09437,1.09443
"exness","EURUSD","2023-06-16 01:10:16.969Z",1.09436,1.09442
"exness","EURUSD","2023-06-16 01:10:34.118Z",1.09437,1.09443
"exness","EURUSD","2023-06-16 01:10:55.022Z",1.09436,1.0944099999999999
"exness","EURUSD","2023-06-16 01:10:57.610Z",1.09434,1.0944
"exness","EURUSD","2023-06-16 01:10:58.986Z",1.09435,1.09442
"exness","EURUSD","2023-06-16 01:11:04.276Z",1.09435,1.0944
"exness","EURUSD","2023-06-16 01:11:09.382Z",1.09433,1.0944
"exness","EURUSD","2023-06-16 01:11:40.119Z",1.09435,1.0944
"exness","EURUSD","2023-06-16 01:11:49.309Z",1.09433,1.0944
"exness","EURUSD","2023-06-16 01:12:25.107Z",1.09435,1.0944
"exness","EURUSD","2023-06-16 01:12:32.354Z",1.09436,1.09442
"exness","EURUSD","2023-06-16 01:12:33.753Z",1.09438,1.09444
"exness","EURUSD","2023-06-16 01:12:36.440Z",1.09436,1.09443
"exness","EURUSD","2023-06-16 01:12:36.450Z",1.09435,1.0944099999999999
"exness","EURUSD","2023-06-16 01:12:37.061Z",1.09434,1.09439
"exness","EURUSD","2023-06-16 01:12:42.439Z",1.09434,1.0944099999999999
"exness","EURUSD","2023-06-16 01:12:43.183Z",1.09436,1.09442
"exness","EURUSD","2023-06-16 01:12:45.561Z",1.09437,1.09443
"exness","EURUSD","2023-06-16 01:12:50.124Z",1.09435,1.0944099999999999
"exness","EURUSD","2023-06-16 01:12:50.909Z",1.09435,1.0944
"exness","EURUSD","2023-06-16 01:12:54.557Z",1.09433,1.0944
"exness","EURUSD","2023-06-16 01:12:58.397Z",1.09433,1.09438
"exness","EURUSD","2023-06-16 01:13:04.670Z",1.09435,1.0944
"exness","EURUSD","2023-06-16 01:13:15.183Z",1.09433,1.09439
"exness","EURUSD","2023-06-16 01:13:28.769Z",1.09434,1.0944099999999999
"exness","EURUSD","2023-06-16 01:13:32.745Z",1.09436,1.0944099999999999
"exness","EURUSD","2023-06-16 01:13:33.597Z",1.09437,1.09443
"exness","EURUSD","2023-06-16 01:13:33.608Z",1.09438,1.09444
"exness","EURUSD","2023-06-16 01:13:34.079Z",1.0944,1.09446
"exness","EURUSD","2023-06-16 01:13:35.483Z",1.0944099999999999,1.09446
"exness","EURUSD","2023-06-16 01:13:44.141Z",1.0944099999999999,1.09447
"exness","EURUSD","2023-06-16 01:13:44.632Z",1.09442,1.09449
"exness","EURUSD","2023-06-16 01:13:44.793Z",1.09444,1.0945
"exness","EURUSD","2023-06-16 01:13:53.065Z",1.09443,1.09449
"exness","EURUSD","2023-06-16 01:13:55.012Z",1.09444,1.09451
"exness","EURUSD","2023-06-16 01:14:01.185Z",1.09443,1.09449
"exness","EURUSD","2023-06-16 01:14:04.982Z",1.09444,1.09449
"exness","EURUSD","2023-06-16 01:14:13.918Z",1.09444,1.0945
"exness","EURUSD","2023-06-16 01:14:19.283Z",1.09444,1.09449
"exness","EURUSD","2023-06-16 01:14:21.365Z",1.09442,1.09449
"exness","EURUSD","2023-06-16 01:14:27.366Z",1.0944099999999999,1.09447
"exness","EURUSD","2023-06-16 01:14:44.498Z",1.09438,1.09445
"exness","EURUSD","2023-06-16 01:14:45.267Z",1.09437,1.09443
"exness","EURUSD","2023-06-16 01:14:48.872Z",1.09438,1.09444
"exness","EURUSD","2023-06-16 01:14:50.541Z",1.09439,1.09446
"exness","EURUSD","2023-06-16 01:14:51.362Z",1.0944099999999999,1.09446
"exness","EURUSD","2023-06-16 01:14:53.002Z",1.0944,1.09446
"exness","EURUSD","2023-06-16 01:14:53.658Z",1.09438,1.09444
"exness","EURUSD","2023-06-16 01:15:01.165Z",1.09438,1.09443
"exness","EURUSD","2023-06-16 01:15:05.576Z",1.09436,1.09442
"exness","EURUSD","2023-06-16 01:15:05.662Z",1.09437,1.09444
"exness","EURUSD","2023-06-16 01:15:08.364Z",1.09439,1.09445
"exness","EURUSD","2023-06-16 01:15:11.552Z",1.09439,1.09444
"exness","EURUSD","2023-06-16 01:15:13.029Z",1.09439,1.09445
"exness","EURUSD","2023-06-16 01:15:15.582Z",1.09439,1.09444
"exness","EURUSD","2023-06-16 01:15:18.524Z",1.09439,1.09446
"exness","EURUSD","2023-06-16 01:15:20.834Z",1.0944099999999999,1.09446
"exness","EURUSD","2023-06-16 01:15:21.170Z",1.09439,1.09445
"exness","EURUSD","2023-06-16 01:15:21.187Z",1.09438,1.09444
"exness","EURUSD","2023-06-16 01:15:22.197Z",1.09436,1.09443
"exness","EURUSD","2023-06-16 01:15:41.316Z",1.09438,1.09444
"exness","EURUSD","2023-06-16 01:15:41.973Z",1.09439,1.09446
"exness","EURUSD","2023-06-16 01:15:43.543Z",1.09439,1.09444
"exness","EURUSD","2023-06-16 01:15:43.577Z",1.09437,1.09444
"exness","EURUSD","2023-06-16 01:15:45.100Z",1.09437,1.09442
"exness","EURUSD","2023-06-16 01:15:48.285Z",1.09436,1.09442
"exness","EURUSD","2023-06-16 01:15:49.005Z",1.09435,1.0944099999999999
"exness","EURUSD","2023-06-16 01:15:49.029Z",1.09433,1.09439
"exness","EURUSD","2023-06-16 01:15:49.056Z",1.0943100000000001,1.09438
"exness","EURUSD","2023-06-16 01:15:57.815Z",1.0943100000000001,1.09436
"exness","EURUSD","2023-06-16 01:16:02.773Z",1.09429,1.09435
"exness","EURUSD","2023-06-16 01:16:05.846Z",1.09428,1.09434
"exness","EURUSD","2023-06-16 01:16:06.373Z",1.09426,1.09432
"exness","EURUSD","2023-06-16 01:16:06.473Z",1.09425,1.0943100000000001
"exness","EURUSD","2023-06-16 01:16:06.478Z",1.09423,1.09429
"exness","EURUSD","2023-06-16 01:16:07.639Z",1.09422,1.09427
"exness","EURUSD","2023-06-16 01:16:08.769Z",1.09422,1.09429
"exness","EURUSD","2023-06-16 01:16:10.872Z",1.09424,1.0943
"exness","EURUSD","2023-06-16 01:16:11.579Z",1.09426,1.0943100000000001
"exness","EURUSD","2023-06-16 01:16:12.889Z",1.09426,1.09432
"exness","EURUSD","2023-06-16 01:16:15.104Z",1.09427,1.09432
"exness","EURUSD","2023-06-16 01:16:17.045Z",1.09425,1.0943100000000001
"exness","EURUSD","2023-06-16 01:16:20.157Z",1.09424,1.0943
"exness","EURUSD","2023-06-16 01:16:23.001Z",1.09422,1.09429
"exness","EURUSD","2023-06-16 01:16:23.026Z",1.09421,1.09427
"exness","EURUSD","2023-06-16 01:16:23.060Z",1.09419,1.09425
"exness","EURUSD","2023-06-16 01:16:23.066Z",1.09418,1.09424
"exness","EURUSD","2023-06-16 01:16:23.128Z",1.09419,1.09424
"exness","EURUSD","2023-06-16 01:16:23.387Z",1.0942,1.09426
"exness","EURUSD","2023-06-16 01:16:25.405Z",1.09422,1.09428
"exness","EURUSD","2023-06-16 01:16:25.607Z",1.09423,1.0943
"exness","EURUSD","2023-06-16 01:16:27.242Z",1.09423,1.09428
"exness","EURUSD","2023-06-16 01:16:27.772Z",1.09424,1.09429
"exness","EURUSD","2023-06-16 01:16:29.037Z",1.09423,1.09429
"exness","EURUSD","2023-06-16 01:16:43.873Z",1.09421,1.09428
"exness","EURUSD","2023-06-16 01:16:45.454Z",1.09421,1.09426
"exness","EURUSD","2023-06-16 01:16:47.138Z",1.0942,1.09426
"exness","EURUSD","2023-06-16 01:16:53.030Z",1.09419,1.09425
"exness","EURUSD","2023-06-16 01:16:53.108Z",1.09417,1.09423
"exness","EURUSD","2023-06-16 01:16:55.914Z",1.09417,1.09422
"exness","EURUSD","2023-06-16 01:17:11.225Z",1.09418,1.09424
"exness","EURUSD","2023-06-16 01:17:12.203Z",1.09419,1.09424
"exness","EURUSD","2023-06-16 01:17:15.698Z",1.09419,1.09426
"exness","EURUSD","2023-06-16 01:17:16.720Z",1.0942,1.09427
"exness","EURUSD","2023-06-16 01:17:18.201Z",1.09422,1.09428
"exness","EURUSD","2023-06-16 01:17:36.996Z",1.09424,1.0943
"exness","EURUSD","2023-06-16 01:17:37.997Z",1.09425,1.0943100000000001
"exness","EURUSD","2023-06-16 01:17:40.069Z",1.09425,1.0943
"exness","EURUSD","2023-06-16 01:17:43.655Z",1.09423,1.09429
"exness","EURUSD","2023-06-16 01:17:52.866Z",1.09423,1.09428
"exness","EURUSD","2023-06-16 01:17:55.570Z",1.09422,1.09428
"exness","EURUSD","2023-06-16 01:18:02.498Z",1.09423,1.0943
"exness","EURUSD","2023-06-16 01:18:13.027Z",1.09425,1.0943100000000001
"exness","EURUSD","2023-06-16 01:18:13.739Z",1.09426,1.0943100000000001
"exness","EURUSD","2023-06-16 01:18:15.045Z",1.09427,1.09433
"exness","EURUSD","2023-06-16 01:18:15.052Z",1.09429,1.09435
"exness","EURUSD","2023-06-16 01:18:18.010Z",1.0943100000000001,1.09437
"exness","EURUSD","2023-06-16 01:18:22.644Z",1.09433,1.09438
"exness","EURUSD","2023-06-16 01:18:24.342Z",1.09433,1.0944
"exness","EURUSD","2023-06-16 01:18:27.999Z",1.09432,1.09438
"exness","EURUSD","2023-06-16 01:18:32.727Z",1.09434,1.09439
"exness","EURUSD","2023-06-16 01:18:33.400Z",1.09435,1.0944099999999999
"exness","EURUSD","2023-06-16 01:18:33.935Z",1.09436,1.0944099999999999
"exness","EURUSD","2023-06-16 01:18:51.251Z",1.09437,1.09444
"exness","EURUSD","2023-06-16 01:19:02.768Z",1.09436,1.09442
"exness","EURUSD","2023-06-16 01:19:15.078Z",1.09434,1.0944099999999999
"exness","EURUSD","2023-06-16 01:19:29.998Z",1.09436,1.09442
"exness","EURUSD","2023-06-16 01:19:36.966Z",1.09435,1.0944099999999999
"exness","EURUSD","2023-06-16 01:19:39.834Z",1.09436,1.0944099999999999
"exness","EURUSD","2023-06-16 01:19:46.800Z",1.09435,1.0944099999999999
"exness","EURUSD","2023-06-16 01:19:47.779Z",1.09433,1.09439
"exness","EURUSD","2023-06-16 01:19:50.196Z",1.09433,1.09438
"exness","EURUSD","2023-06-16 01:19:56.586Z",1.0943100000000001,1.09438
"exness","EURUSD","2023-06-16 01:20:01.837Z",1.0943,1.09436
"exness","EURUSD","2023-06-16 01:20:02.329Z",1.09429,1.09435
"exness","EURUSD","2023-06-16 01:20:04.395Z",1.09428,1.09433
"exness","EURUSD","2023-06-16 01:20:04.515Z",1.09426,1.09432
"exness","EURUSD","2023-06-16 01:20:04.747Z",1.09426,1.0943100000000001
"exness","EURUSD","2023-06-16 01:20:11.115Z",1.09424,1.0943100000000001
"exness","EURUSD","2023-06-16 01:20:16.929Z",1.09426,1.09432
"exness","EURUSD","2023-06-16 01:20:19.006Z",1.09427,1.09433
"exness","EURUSD","2023-06-16 01:20:22.393Z",1.09426,1.0943100000000001
"exness","EURUSD","2023-06-16 01:20:35.416Z",1.09425,1.09432
"exness","EURUSD","2023-06-16 01:20:41.657Z",1.09424,1.09429
"exness","EURUSD","2023-06-16 01:20:41.676Z",1.09423,1.09429
"exness","EURUSD","2023-06-16 01:20:42.706Z",1.09421,1.09427
"exness","EURUSD","2023-06-16 01:20:43.736Z",1.0942,1.09426
"exness","EURUSD","2023-06-16 01:20:46.127Z",1.0942,1.09425
"exness","EURUSD","2023-06-16 01:20:48.351Z",1.09418,1.09424
"exness","EURUSD","2023-06-16 01:20:48.780Z",1.0942,1.09425
"exness","EURUSD","2023-06-16 01:20:49.012Z",1.09418,1.09425
"exness","EURUSD","2023-06-16 01:20:51.147Z",1.09418,1.09423
"exness","EURUSD","2023-06-16 01:20:52.151Z",1.09417,1.09423
"exness","EURUSD","2023-06-16 01:20:52.525Z",1.09416,1.09421
"exness","EURUSD","2023-06-16 01:20:55.026Z",1.09415,1.0942
"exness","EURUSD","2023-06-16 01:20:56.029Z",1.09413,1.09419
"exness","EURUSD","2023-06-16 01:20:59.334Z",1.09415,1.0942
"exness","EURUSD","2023-06-16 01:21:00.419Z",1.09414,1.0942
"exness","EURUSD","2023-06-16 01:21:02.246Z",1.09416,1.09421
"exness","EURUSD","2023-06-16 01:21:06.539Z",1.09416,1.09422
"exness","EURUSD","2023-06-16 01:21:09.837Z",1.09415,1.09421
"exness","EURUSD","2023-06-16 01:21:13.448Z",1.09416,1.09422
"exness","EURUSD","2023-06-16 01:21:14.348Z",1.09418,1.09423
"exness","EURUSD","2023-06-16 01:21:18.929Z",1.09419,1.09426
"exness","EURUSD","2023-06-16 01:21:18.941Z",1.09421,1.09427
"exness","EURUSD","2023-06-16 01:21:19.258Z",1.09423,1.09428
"exness","EURUSD","2023-06-16 01:21:19.269Z",1.09423,1.09429
"exness","EURUSD","2023-06-16 01:21:20.430Z",1.09424,1.0943100000000001
"exness","EURUSD","2023-06-16 01:21:20.828Z",1.09423,1.09429
"exness","EURUSD","2023-06-16 01:21:23.217Z",1.09421,1.09428
"exness","EURUSD","2023-06-16 01:21:26.241Z",1.09423,1.09429
"exness","EURUSD","2023-06-16 01:21:45.648Z",1.0942,1.09426
"exness","EURUSD","2023-06-16 01:21:45.771Z",1.09419,1.09425
"exness","EURUSD","2023-06-16 01:21:48.266Z",1.09419,1.09424
"exness","EURUSD","2023-06-16 01:21:57.427Z",1.09419,1.09425
"exness","EURUSD","2023-06-16 01:22:05.259Z",1.09421,1.09428
"exness","EURUSD","2023-06-16 01:22:05.546Z",1.09423,1.09428
"exness","EURUSD","2023-06-16 01:22:12.117Z",1.09421,1.09428
"exness","EURUSD","2023-06-16 01:22:13.405Z",1.09419,1.09425
"exness","EURUSD","2023-06-16 01:22:19.878Z",1.09419,1.09424
"exness","EURUSD","2023-06-16 01:22:39.274Z",1.09418,1.09424
"exness","EURUSD","2023-06-16 01:22:54.356Z",1.09419,1.09425
"exness","EURUSD","2023-06-16 01:22:54.721Z",1.09418,1.09423
"exness","EURUSD","2023-06-16 01:23:03.495Z",1.09416,1.09422
"exness","EURUSD","2023-06-16 01:23:03.537Z",1.09415,1.09421
"exness","EURUSD","2023-06-16 01:23:04.063Z",1.09416,1.09422
"exness","EURUSD","2023-06-16 01:23:14.067Z",1.09415,1.09421
"exness","EURUSD","2023-06-16 01:23:15.319Z",1.09416,1.09422
"exness","EURUSD","2023-06-16 01:23:38.940Z",1.09418,1.09424
"exness","EURUSD","2023-06-16 01:23:40.254Z",1.09418,1.09423
"exness","EURUSD","2023-06-16 01:23:42.340Z",1.09416,1.09422
"exness","EURUSD","2023-06-16 01:24:03.884Z",1.09418,1.09424
"exness","EURUSD","2023-06-16 01:24:07.959Z",1.09416,1.09423
"exness","EURUSD","2023-06-16 01:24:12.191Z",1.09416,1.09421
"exness","EURUSD","2023-06-16 01:24:14.258Z",1.09416,1.09422
"exness","EURUSD","2023-06-16 01:24:16.884Z",1.09414,1.0942
"exness","EURUSD","2023-06-16 01:24:17.869Z",1.09414,1.09419
"exness","EURUSD","2023-06-16 01:24:21.297Z",1.09415,1.09421
"exness","EURUSD","2023-06-16 01:24:22.908Z",1.09415,1.0942
"exness","EURUSD","2023-06-16 01:24:29.033Z",1.09413,1.0942
"exness","EURUSD","2023-06-16 01:24:47.655Z",1.09411,1.09417
"exness","EURUSD","2023-06-16 01:24:54.642Z",1.09412,1.09419
"exness","EURUSD","2023-06-16 01:24:54.739Z",1.09411,1.09417
"exness","EURUSD","2023-06-16 01:24:55.787Z",1.09409,1.09416
"exness","EURUSD","2023-06-16 01:25:04.796Z",1.09411,1.09417
"exness","EURUSD","2023-06-16 01:25:06.006Z",1.09409,1.09416
"exness","EURUSD","2023-06-16 01:25:07.039Z",1.09411,1.09416
"exness","EURUSD","2023-06-16 01:25:11.894Z",1.09409,1.09416
"exness","EURUSD","2023-06-16 01:25:21.121Z",1.09408,1.09414
"exness","EURUSD","2023-06-16 01:25:22.676Z",1.09406,1.09413
"exness","EURUSD","2023-06-16 01:25:22.844Z",1.09405,1.09411
"exness","EURUSD","2023-06-16 01:25:22.895Z",1.09403,1.0941
"exness","EURUSD","2023-06-16 01:25:23.116Z",1.09403,1.09408
"exness","EURUSD","2023-06-16 01:25:28.203Z",1.09401,1.09407
"exness","EURUSD","2023-06-16 01:25:29.150Z",1.094,1.09405
"exness","EURUSD","2023-06-16 01:25:32.184Z",1.09401,1.09407
"exness","EURUSD","2023-06-16 01:25:38.546Z",1.09399,1.09405
"exness","EURUSD","2023-06-16 01:26:07.752Z",1.094,1.09407
"exness","EURUSD","2023-06-16 01:26:45.830Z",1.09401,1.09408
"exness","EURUSD","2023-06-16 01:26:45.858Z",1.09403,1.09409
"exness","EURUSD","2023-06-16 01:26:45.887Z",1.09404,1.09409
"exness","EURUSD","2023-06-16 01:26:45.893Z",1.09405,1.09411
"exness","EURUSD","2023-06-16 01:26:46.284Z",1.09407,1.09413
"exness","EURUSD","2023-06-16 01:27:43.432Z",1.09407,1.09412
"exness","EURUSD","2023-06-16 01:27:45.752Z",1.09407,1.09413
"exness","EURUSD","2023-06-16 01:27:48.682Z",1.09408,1.09415
"exness","EURUSD","2023-06-16 01:27:49.269Z",1.0941,1.09416
"exness","EURUSD","2023-06-16 01:28:02.776Z",1.09411,1.09416
"exness","EURUSD","2023-06-16 01:28:04.715Z",1.0941,1.09416
"exness","EURUSD","2023-06-16 01:28:05.134Z",1.09409,1.09414
"exness","EURUSD","2023-06-16 01:28:05.222Z",1.0941,1.09416
"exness","EURUSD","2023-06-16 01:28:06.541Z",1.09411,1.09417
"exness","EURUSD","2023-06-16 01:28:12.307Z",1.0941,1.09416
"exness","EURUSD","2023-06-16 01:28:12.634Z",1.09411,1.09417
"exness","EURUSD","2023-06-16 01:28:12.651Z",1.09413,1.09419
"exness","EURUSD","2023-06-16 01:28:14.843Z",1.09414,1.0942
"exness","EURUSD","2023-06-16 01:28:16.764Z",1.09415,1.0942
"exness","EURUSD","2023-06-16 01:28:27.642Z",1.09416,1.09423
"exness","EURUSD","2023-06-16 01:28:27.698Z",1.09418,1.09425
"exness","EURUSD","2023-06-16 01:28:31.649Z",1.0942,1.09425
"exness","EURUSD","2023-06-16 01:28:38.404Z",1.0942,1.09427
"exness","EURUSD","2023-06-16 01:28:47.769Z",1.09418,1.09424
"exness","EURUSD","2023-06-16 01:28:48.319Z",1.09417,1.09423
"exness","EURUSD","2023-06-16 01:29:00.918Z",1.09415,1.09422
"exness","EURUSD","2023-06-16 01:29:04.618Z",1.09413,1.0942
"exness","EURUSD","2023-06-16 01:29:04.927Z",1.09415,1.09421
"exness","EURUSD","2023-06-16 01:29:05.096Z",1.09417,1.09422
"exness","EURUSD","2023-06-16 01:29:07.893Z",1.09418,1.09424
"exness","EURUSD","2023-06-16 01:29:09.297Z",1.09418,1.09423
"exness","EURUSD","2023-06-16 01:29:12.134Z",1.09417,1.09423
"exness","EURUSD","2023-06-16 01:29:22.044Z",1.09418,1.09425
"exness","EURUSD","2023-06-16 01:29:29.282Z",1.0942,1.09426
"exness","EURUSD","2023-06-16 01:29:44.258Z",1.09422,1.09428
"exness","EURUSD","2023-06-16 01:29:55.503Z",1.0942,1.09427
"exness","EURUSD","2023-06-16 01:30:00.180Z",1.09418,1.09425
"exness","EURUSD","2023-06-16 01:30:00.236Z",1.09417,1.09423
"exness","EURUSD","2023-06-16 01:30:01.149Z",1.09419,1.09424
"exness","EURUSD","2023-06-16 01:30:07.651Z",1.09419,1.09426
"exness","EURUSD","2023-06-16 01:30:16.792Z",1.09421,1.09428
"exness","EURUSD","2023-06-16 01:30:18.969Z",1.09421,1.09426
"exness","EURUSD","2023-06-16 01:30:20.213Z",1.09422,1.09428
"exness","EURUSD","2023-06-16 01:30:22.337Z",1.0942,1.09427
"exness","EURUSD","2023-06-16 01:30:24.059Z",1.09422,1.09427
"exness","EURUSD","2023-06-16 01:30:26.429Z",1.09423,1.09429
"exness","EURUSD","2023-06-16 01:30:27.520Z",1.09423,1.09428
"exness","EURUSD","2023-06-16 01:30:36.517Z",1.0942,1.09427
"exness","EURUSD","2023-06-16 01:30:43.775Z",1.09419,1.09425
"exness","EURUSD","2023-06-16 01:30:45.183Z",1.09419,1.09424
"exness","EURUSD","2023-06-16 01:30:45.714Z",1.09417,1.09424
"exness","EURUSD","2023-06-16 01:30:46.224Z",1.09417,1.09422
"exness","EURUSD","2023-06-16 01:30:48.563Z",1.09417,1.09424
"exness","EURUSD","2023-06-16 01:30:48.820Z",1.09419,1.09424
"exness","EURUSD","2023-06-16 01:30:52.102Z",1.09417,1.09423
"exness","EURUSD","2023-06-16 01:30:56.886Z",1.09417,1.09422
"exness","EURUSD","2023-06-16 01:30:58.223Z",1.09416,1.09422
"exness","EURUSD","2023-06-16 01:31:02.410Z",1.09414,1.0942
"exness","EURUSD","2023-06-16 01:31:02.426Z",1.09413,1.09419
"exness","EURUSD","2023-06-16 01:31:02.440Z",1.09411,1.09417
"exness","EURUSD","2023-06-16 01:31:02.464Z",1.09409,1.09416
"exness","EURUSD","2023-06-16 01:31:02.617Z",1.09408,1.09414
"exness","EURUSD","2023-06-16 01:31:02.652Z",1.09408,1.09413
"exness","EURUSD","2023-06-16 01:31:04.932Z",1.09408,1.09414
"exness","EURUSD","2023-06-16 01:31:09.580Z",1.0941,1.09416
"exness","EURUSD","2023-06-16 01:31:12.127Z",1.09411,1.09417
"exness","EURUSD","2023-06-16 01:31:14.289Z",1.09411,1.09416
"exness","EURUSD","2023-06-16 01:31:15.321Z",1.09411,1.09417
"exness","EURUSD","2023-06-16 01:31:15.335Z",1.09413,1.09419
"exness","EURUSD","2023-06-16 01:31:19.882Z",1.09414,1.0942
"exness","EURUSD","2023-06-16 01:31:28.183Z",1.09413,1.09418
"exness","EURUSD","2023-06-16 01:31:28.218Z",1.09414,1.0942
"exness","EURUSD","2023-06-16 01:31:28.246Z",1.09415,1.0942
"exness","EURUSD","2023-06-16 01:31:28.351Z",1.09414,1.0942
"exness","EURUSD","2023-06-16 01:31:29.142Z",1.09415,1.09421
"exness","EURUSD","2023-06-16 01:31:29.406Z",1.09417,1.09423
"exness","EURUSD","2023-06-16 01:31:30.130Z",1.09418,1.09425
"exness","EURUSD","2023-06-16 01:31:31.928Z",1.0942,1.09426
"exness","EURUSD","2023-06-16 01:31:35.252Z",1.09421,1.09426
"exness","EURUSD","2023-06-16 01:31:38.118Z",1.0942,1.09426
"exness","EURUSD","2023-06-16 01:31:38.255Z",1.09418,1.09424
"exness","EURUSD","2023-06-16 01:31:41.672Z",1.09417,1.09422
"exness","EURUSD","2023-06-16 01:31:41.723Z",1.09415,1.09422
"exness","EURUSD","2023-06-16 01:31:41.833Z",1.09414,1.0942
"exness","EURUSD","2023-06-16 01:31:41.864Z",1.09412,1.09419
"exness","EURUSD","2023-06-16 01:31:42.523Z",1.09412,1.09417
"exness","EURUSD","2023-06-16 01:31:47.915Z",1.09413,1.09419
"exness","EURUSD","2023-06-16 01:31:56.978Z",1.09411,1.09418
"exness","EURUSD","2023-06-16 01:31:58.065Z",1.09413,1.09419
"exness","EURUSD","2023-06-16 01:31:58.570Z",1.09415,1.0942
"exness","EURUSD","2023-06-16 01:32:03.808Z",1.09413,1.09419
"exness","EURUSD","2023-06-16 01:32:04.132Z",1.09415,1.09421
"exness","EURUSD","2023-06-16 01:32:07.923Z",1.09416,1.09421
"exness","EURUSD","2023-06-16 01:32:08.039Z",1.09417,1.09423
"exness","EURUSD","2023-06-16 01:32:08.176Z",1.09419,1.09424
"exness","EURUSD","2023-06-16 01:32:11.466Z",1.09419,1.09425
"exness","EURUSD","2023-06-16 01:32:13.944Z",1.09418,1.09424
"exness","EURUSD","2023-06-16 01:32:23.067Z",1.09416,1.09423
"exness","EURUSD","2023-06-16 01:32:29.816Z",1.09415,1.09421
"exness","EURUSD","2023-06-16 01:32:29.838Z",1.09413,1.0942
"exness","EURUSD","2023-06-16 01:32:33.282Z",1.09413,1.09418
"exness","EURUSD","2023-06-16 01:32:36.699Z",1.09413,1.0942
"exness","EURUSD","2023-06-16 01:32:39.431Z",1.09412,1.09418
"exness","EURUSD","2023-06-16 01:32:41.708Z",1.09411,1.09417
"exness","EURUSD","2023-06-16 01:32:52.332Z",1.0941,1.09416
"exness","EURUSD","2023-06-16 01:32:52.358Z",1.09408,1.09415
"exness","EURUSD","2023-06-16 01:32:53.758Z",1.09407,1.09413
"exness","EURUSD","2023-06-16 01:33:02.852Z",1.09409,1.09415
"exness","EURUSD","2023-06-16 01:33:03.026Z",1.0941,1.09416
"exness","EURUSD","2023-06-16 01:33:04.430Z",1.09408,1.09414
"exness","EURUSD","2023-06-16 01:33:04.990Z",1.09409,1.09416
"exness","EURUSD","2023-06-16 01:33:05.121Z",1.09411,1.09417
"exness","EURUSD","2023-06-16 01:33:12.416Z",1.0941,1.09416
"exness","EURUSD","2023-06-16 01:33:12.455Z",1.09408,1.09414
"exness","EURUSD","2023-06-16 01:33:12.674Z",1.09406,1.09413
"exness","EURUSD","2023-06-16 01:33:14.080Z",1.09405,1.09411
"exness","EURUSD","2023-06-16 01:33:16.287Z",1.09405,1.0941
"exness","EURUSD","2023-06-16 01:33:16.649Z",1.09403,1.09409
"exness","EURUSD","2023-06-16 01:33:27.146Z",1.09401,1.09407
"exness","EURUSD","2023-06-16 01:33:27.752Z",1.09399,1.09405
"exness","EURUSD","2023-06-16 01:33:28.504Z",1.09399,1.09404
"exness","EURUSD","2023-06-16 01:33:29.490Z",1.09399,1.09405
"exness","EURUSD","2023-06-16 01:33:29.508Z",1.09401,1.09407
"exness","EURUSD","2023-06-16 01:33:29.724Z",1.09402,1.09407
"exness","EURUSD","2023-06-16 01:33:29.829Z",1.09403,1.09409
"exness","EURUSD","2023-06-16 01:33:31.561Z",1.09404,1.09411
"exness","EURUSD","2023-06-16 01:33:32.273Z",1.09406,1.09412
"exness","EURUSD","2023-06-16 01:33:32.289Z",1.09408,1.09414
"exness","EURUSD","2023-06-16 01:33:35.908Z",1.09405,1.09412
"exness","EURUSD","2023-06-16 01:33:35.929Z",1.09404,1.0941
"exness","EURUSD","2023-06-16 01:33:36.938Z",1.09403,1.09409
"exness","EURUSD","2023-06-16 01:33:38.009Z",1.09404,1.0941
"exness","EURUSD","2023-06-16 01:33:38.148Z",1.09405,1.0941
"exness","EURUSD","2023-06-16 01:33:41.866Z",1.09403,1.0941
"exness","EURUSD","2023-06-16 01:33:45.140Z",1.09404,1.09411
"exness","EURUSD","2023-06-16 01:33:47.827Z",1.09404,1.09409
"exness","EURUSD","2023-06-16 01:33:50.372Z",1.09403,1.09409
"exness","EURUSD","2023-06-16 01:33:52.709Z",1.09401,1.09407
"exness","EURUSD","2023-06-16 01:33:52.767Z",1.094,1.09406
"exness","EURUSD","2023-06-16 01:33:52.868Z",1.09398,1.09404
"exness","EURUSD","2023-06-16 01:34:06.092Z",1.094,1.09406
"exness","EURUSD","2023-06-16 01:34:06.753Z",1.09402,1.09408
"exness","EURUSD","2023-06-16 01:34:06.771Z",1.09403,1.09409
"exness","EURUSD","2023-06-16 01:34:12.277Z",1.09405,1.09411
"exness","EURUSD","2023-06-16 01:34:12.465Z",1.09406,1.09411
"exness","EURUSD","2023-06-16 01:34:20.180Z",1.09407,1.09413
"exness","EURUSD","2023-06-16 01:34:20.612Z",1.09408,1.09414
"exness","EURUSD","2023-06-16 01:34:20.638Z",1.0941,1.09416
"exness","EURUSD","2023-06-16 01:34:22.746Z",1.09411,1.09416
"exness","EURUSD","2023-06-16 01:34:26.142Z",1.09409,1.09416
"exness","EURUSD","2023-06-16 01:34:32.689Z",1.09411,1.09416
"exness","EURUSD","2023-06-16 01:34:32.745Z",1.09409,1.09416
"exness","EURUSD","2023-06-16 01:34:41.826Z",1.09409,1.09414
"exness","EURUSD","2023-06-16 01:34:52.692Z",1.0941,1.09417
"exness","EURUSD","2023-06-16 01:34:52.712Z",1.09412,1.09418
"exness","EURUSD","2023-06-16 01:34:52.757Z",1.09414,1.09419
"exness","EURUSD","2023-06-16 01:35:01.223Z",1.09412,1.09419
"exness","EURUSD","2023-06-16 01:35:12.477Z",1.09414,1.09419
"exness","EURUSD","2023-06-16 01:35:15.697Z",1.09412,1.09418
"exness","EURUSD","2023-06-16 01:35:40.276Z",1.09414,1.0942
"exness","EURUSD","2023-06-16 01:35:42.344Z",1.09412,1.09418
"exness","EURUSD","2023-06-16 01:35:51.738Z",1.0941,1.09416
"exness","EURUSD","2023-06-16 01:35:51.813Z",1.09409,1.09415
"exness","EURUSD","2023-06-16 01:35:52.931Z",1.09409,1.09414
"exness","EURUSD","2023-06-16 01:35:54.362Z",1.09409,1.09416
"exness","EURUSD","2023-06-16 01:35:56.154Z",1.09412,1.09418
"exness","EURUSD","2023-06-16 01:35:56.168Z",1.09413,1.0942
"exness","EURUSD","2023-06-16 01:35:56.443Z",1.09415,1.09422
"exness","EURUSD","2023-06-16 01:35:56.468Z",1.09417,1.09423
"exness","EURUSD","2023-06-16 01:35:56.939Z",1.09418,1.09425
"exness","EURUSD","2023-06-16 01:35:57.816Z",1.0942,1.09426
"exness","EURUSD","2023-06-16 01:36:00.341Z",1.09419,1.09425
"exness","EURUSD","2023-06-16 01:36:01.733Z",1.0942,1.09426
"exness","EURUSD","2023-06-16 01:36:03.544Z",1.09422,1.09428
"exness","EURUSD","2023-06-16 01:36:06.649Z",1.09423,1.09428
"exness","EURUSD","2023-06-16 01:36:07.489Z",1.09421,1.09428
"exness","EURUSD","2023-06-16 01:36:13.878Z",1.0942,1.09426
"exness","EURUSD","2023-06-16 01:36:13.920Z",1.09419,1.09425
"exness","EURUSD","2023-06-16 01:36:14.969Z",1.09419,1.09424
"exness","EURUSD","2023-06-16 01:36:17.056Z",1.09417,1.09423
"exness","EURUSD","2023-06-16 01:36:28.945Z",1.09418,1.09423
"exness","EURUSD","2023-06-16 01:36:47.864Z",1.09419,1.09425
"exness","EURUSD","2023-06-16 01:36:48.407Z",1.09418,1.09423
"exness","EURUSD","2023-06-16 01:36:50.861Z",1.09417,1.09423
"exness","EURUSD","2023-06-16 01:37:14.161Z",1.09416,1.09422
"exness","EURUSD","2023-06-16 01:37:14.174Z",1.09414,1.0942
"exness","EURUSD","2023-06-16 01:37:14.224Z",1.09413,1.09419
"exness","EURUSD","2023-06-16 01:37:25.943Z",1.09411,1.09417
"exness","EURUSD","2023-06-16 01:37:41.507Z",1.09412,1.09418
"exness","EURUSD","2023-06-16 01:37:43.752Z",1.09414,1.0942
"exness","EURUSD","2023-06-16 01:37:43.769Z",1.09415,1.09421
"exness","EURUSD","2023-06-16 01:37:43.798Z",1.09417,1.09423
"exness","EURUSD","2023-06-16 01:37:43.858Z",1.09418,1.09425
"exness","EURUSD","2023-06-16 01:37:44.449Z",1.0942,1.09425
"exness","EURUSD","2023-06-16 01:37:56.943Z",1.0942,1.09426
"exness","EURUSD","2023-06-16 01:38:04.276Z",1.09421,1.09427
"exness","EURUSD","2023-06-16 01:38:05.473Z",1.09422,1.09428
"exness","EURUSD","2023-06-16 01:38:16.812Z",1.09423,1.0943
"exness","EURUSD","2023-06-16 01:38:20.199Z",1.09424,1.0943100000000001
"exness","EURUSD","2023-06-16 01:38:24.076Z",1.09426,1.0943100000000001
"exness","EURUSD","2023-06-16 01:38:26.174Z",1.09426,1.09432
"exness","EURUSD","2023-06-16 01:38:29.409Z",1.09428,1.09433
"exness","EURUSD","2023-06-16 01:38:34.644Z",1.09428,1.09435
"exness","EURUSD","2023-06-16 01:38:36.187Z",1.09427,1.09433
"exness","EURUSD","2023-06-16 01:38:41.328Z",1.09426,1.09432
"exness","EURUSD","2023-06-16 01:38:46.842Z",1.09425,1.0943100000000001
"exness","EURUSD","2023-06-16 01:38:55.400Z",1.09427,1.09432
"exness","EURUSD","2023-06-16 01:39:02.885Z",1.09427,1.09434
"exness","EURUSD","2023-06-16 01:39:02.996Z",1.09426,1.09432
"exness","EURUSD","2023-06-16 01:39:03.396Z",1.09427,1.09434
"exness","EURUSD","2023-06-16 01:39:03.640Z",1.09429,1.09434
"exness","EURUSD","2023-06-16 01:39:04.261Z",1.0943,1.09436
"exness","EURUSD","2023-06-16 01:39:25.184Z",1.09428,1.09434
"exness","EURUSD","2023-06-16 01:39:25.719Z",1.09427,1.09432
"exness","EURUSD","2023-06-16 01:39:26.739Z",1.09427,1.09434
"exness","EURUSD","2023-06-16 01:39:28.554Z",1.09429,1.09434
"exness","EURUSD","2023-06-16 01:39:34.174Z",1.09429,1.09435
"exness","EURUSD","2023-06-16 01:39:36.784Z",1.0943100000000001,1.09437
"exness","EURUSD","2023-06-16 01:39:40.872Z",1.0943100000000001,1.09436
"exness","EURUSD","2023-06-16 01:39:48.632Z",1.0943,1.09436
"exness","EURUSD","2023-06-16 01:39:49.010Z",1.09428,1.09434
"exness","EURUSD","2023-06-16 01:39:49.058Z",1.09426,1.09432
"exness","EURUSD","2023-06-16 01:39:49.130Z",1.09425,1.0943100000000001
"exness","EURUSD","2023-06-16 01:39:49.327Z",1.09424,1.09429
"exness","EURUSD","2023-06-16 01:39:50.187Z",1.09424,1.0943100000000001
"exness","EURUSD","2023-06-16 01:39:50.662Z",1.09423,1.09429
"exness","EURUSD","2023-06-16 01:39:52.044Z",1.09425,1.0943
"exness","EURUSD","2023-06-16 01:39:53.247Z",1.09425,1.0943100000000001
"exness","EURUSD","2023-06-16 01:39:55.451Z",1.09426,1.09433
"exness","EURUSD","2023-06-16 01:39:55.501Z",1.09428,1.09434
"exness","EURUSD","2023-06-16 01:39:58.287Z",1.09427,1.09433
"exness","EURUSD","2023-06-16 01:40:01.043Z",1.09425,1.0943100000000001
"exness","EURUSD","2023-06-16 01:40:28.517Z",1.09426,1.09432
"exness","EURUSD","2023-06-16 01:40:29.517Z",1.09425,1.0943100000000001
"exness","EURUSD","2023-06-16 01:40:45.868Z",1.09424,1.0943
"exness","EURUSD","2023-06-16 01:40:58.139Z",1.09424,1.09429
"exness","EURUSD","2023-06-16 01:41:00.184Z",1.09424,1.0943
"exness","EURUSD","2023-06-16 01:41:05.350Z",1.09426,1.09432
"exness","EURUSD","2023-06-16 01:41:08.615Z",1.09425,1.0943100000000001
"exness","EURUSD","2023-06-16 01:41:19.855Z",1.09426,1.09432
"exness","EURUSD","2023-06-16 01:41:34.451Z",1.09427,1.09433
"exness","EURUSD","2023-06-16 01:41:34.559Z",1.09429,1.09434
"exness","EURUSD","2023-06-16 01:41:36.872Z",1.09427,1.09433
"exness","EURUSD","2023-06-16 01:41:40.733Z",1.09429,1.09434
"exness","EURUSD","2023-06-16 01:41:40.779Z",1.09428,1.09434
"exness","EURUSD","2023-06-16 01:41:54.814Z",1.09429,1.09435
"exness","EURUSD","2023-06-16 01:41:57.247Z",1.0943,1.09436
"exness","EURUSD","2023-06-16 01:41:57.364Z",1.09432,1.09437
"exness","EURUSD","2023-06-16 01:42:00.546Z",1.0943100000000001,1.09437
"exness","EURUSD","2023-06-16 01:42:05.604Z",1.09433,1.09438
"exness","EURUSD","2023-06-16 01:42:09.983Z",1.09433,1.09439
"exness","EURUSD","2023-06-16 01:42:11.381Z",1.09432,1.09438
"exness","EURUSD","2023-06-16 01:42:16.443Z",1.09434,1.09439
"exness","EURUSD","2023-06-16 01:42:17.231Z",1.09432,1.09438
"exness","EURUSD","2023-06-16 01:42:17.276Z",1.0943100000000001,1.09437
"exness","EURUSD","2023-06-16 01:42:17.617Z",1.0943,1.09435
"exness","EURUSD","2023-06-16 01:42:21.261Z",1.09429,1.09435
"exness","EURUSD","2023-06-16 01:42:21.270Z",1.09428,1.09433
"exness","EURUSD","2023-06-16 01:42:21.275Z",1.09428,1.09435
"exness","EURUSD","2023-06-16 01:42:21.406Z",1.09427,1.09432
"exness","EURUSD","2023-06-16 01:42:22.085Z",1.09426,1.09432
"exness","EURUSD","2023-06-16 01:42:27.871Z",1.09425,1.0943100000000001
"exness","EURUSD","2023-06-16 01:42:27.905Z",1.09427,1.09433
"exness","EURUSD","2023-06-16 01:42:27.948Z",1.09428,1.09435
"exness","EURUSD","2023-06-16 01:42:28.401Z",1.0943,1.09436
"exness","EURUSD","2023-06-16 01:42:28.431Z",1.0943100000000001,1.09438
"exness","EURUSD","2023-06-16 01:42:28.504Z",1.09433,1.09439
"exness","EURUSD","2023-06-16 01:42:28.593Z",1.09435,1.0944099999999999
"exness","EURUSD","2023-06-16 01:42:40.054Z",1.09432,1.09439
"exness","EURUSD","2023-06-16 01:42:40.073Z",1.0943100000000001,1.09437
"exness","EURUSD","2023-06-16 01:42:40.096Z",1.09432,1.09439
"exness","EURUSD","2023-06-16 01:42:42.744Z",1.09434,1.09439
"exness","EURUSD","2023-06-16 01:42:44.579Z",1.09433,1.09439
"exness","EURUSD","2023-06-16 01:42:48.650Z",1.0943100000000001,1.09438
"exness","EURUSD","2023-06-16 01:43:00.088Z",1.0943100000000001,1.09436
"exness","EURUSD","2023-06-16 01:43:00.954Z",1.09429,1.09436
"exness","EURUSD","2023-06-16 01:43:02.038Z",1.09428,1.09434
"exness","EURUSD","2023-06-16 01:43:07.603Z",1.09427,1.09433
"exness","EURUSD","2023-06-16 01:43:08.691Z",1.09427,1.09432
"exness","EURUSD","2023-06-16 01:43:14.718Z",1.09426,1.09432
"exness","EURUSD","2023-06-16 01:43:30.301Z",1.09427,1.09434
"exness","EURUSD","2023-06-16 01:43:31.364Z",1.09428,1.09435
"exness","EURUSD","2023-06-16 01:43:35.234Z",1.0943,1.09437
"exness","EURUSD","2023-06-16 01:43:36.485Z",1.09432,1.09437
"exness","EURUSD","2023-06-16 01:43:43.221Z",1.0943100000000001,1.09437
"exness","EURUSD","2023-06-16 01:43:43.565Z",1.09432,1.09438
"exness","EURUSD","2023-06-16 01:43:44.849Z",1.09434,1.0944
"exness","EURUSD","2023-06-16 01:43:58.812Z",1.09436,1.09442
"exness","EURUSD","2023-06-16 01:44:15.531Z",1.09437,1.09443
"exness","EURUSD","2023-06-16 01:44:15.749Z",1.09438,1.09445
"exness","EURUSD","2023-06-16 01:44:16.506Z",1.0944,1.09445
"exness","EURUSD","2023-06-16 01:44:18.263Z",1.0944099999999999,1.09447
"exness","EURUSD","2023-06-16 01:44:18.323Z",1.09443,1.09448
"exness","EURUSD","2023-06-16 01:44:18.536Z",1.0944099999999999,1.09447
"exness","EURUSD","2023-06-16 01:44:25.212Z",1.0944,1.09446
"exness","EURUSD","2023-06-16 01:44:41.704Z",1.0944099999999999,1.09447
"exness","EURUSD","2023-06-16 01:44:41.728Z",1.09443,1.09449
"exness","EURUSD","2023-06-16 01:44:46.088Z",1.09444,1.09451
"exness","EURUSD","2023-06-16 01:44:54.652Z",1.09446,1.09451
"exness","EURUSD","2023-06-16 01:45:02.013Z",1.09446,1.09453
"exness","EURUSD","2023-06-16 01:45:02.020Z",1.09448,1.09454
"exness","EURUSD","2023-06-16 01:45:02.138Z",1.09449,1.09456
"exness","EURUSD","2023-06-16 01:45:02.533Z",1.09451,1.09456
"exness","EURUSD","2023-06-16 01:45:03.515Z",1.09452,1.09458
"exness","EURUSD","2023-06-16 01:45:03.541Z",1.09453,1.09459
"exness","EURUSD","2023-06-16 01:45:04.874Z",1.09455,1.09461
"exness","EURUSD","2023-06-16 01:45:22.859Z",1.09457,1.09463
"exness","EURUSD","2023-06-16 01:45:22.895Z",1.09458,1.09464
"exness","EURUSD","2023-06-16 01:45:23.245Z",1.0946,1.09466
"exness","EURUSD","2023-06-16 01:45:25.105Z",1.09458,1.09464
"exness","EURUSD","2023-06-16 01:45:25.817Z",1.09457,1.09462
"exness","EURUSD","2023-06-16 01:45:28.848Z",1.09457,1.09463
"exness","EURUSD","2023-06-16 01:45:33.925Z",1.09455,1.09462
"exness","EURUSD","2023-06-16 01:45:39.887Z",1.09455,1.0946
"exness","EURUSD","2023-06-16 01:45:40.389Z",1.09456,1.09462
"exness","EURUSD","2023-06-16 01:45:40.740Z",1.09457,1.09462
"exness","EURUSD","2023-06-16 01:45:45.787Z",1.09456,1.09461
"exness","EURUSD","2023-06-16 01:45:49.533Z",1.09457,1.09463
"exness","EURUSD","2023-06-16 01:45:49.574Z",1.09459,1.09465
"exness","EURUSD","2023-06-16 01:45:50.022Z",1.09458,1.09463
"exness","EURUSD","2023-06-16 01:45:52.979Z",1.09456,1.09462
"exness","EURUSD","2023-06-16 01:46:05.934Z",1.09457,1.09464
"exness","EURUSD","2023-06-16 01:46:08.478Z",1.09458,1.09463
"exness","EURUSD","2023-06-16 01:46:08.618Z",1.09458,1.09464
"exness","EURUSD","2023-06-16 01:46:12.119Z",1.09459,1.09464
"exness","EURUSD","2023-06-16 01:46:13.265Z",1.09459,1.09465
"exness","EURUSD","2023-06-16 01:46:16.486Z",1.09458,1.09464
"exness","EURUSD","2023-06-16 01:46:16.521Z",1.09456,1.09462
"exness","EURUSD","2023-06-16 01:46:19.228Z",1.09456,1.09461
"exness","EURUSD","2023-06-16 01:46:21.605Z",1.09457,1.09463
"exness","EURUSD","2023-06-16 01:46:24.518Z",1.09458,1.09464
"exness","EURUSD","2023-06-16 01:46:24.546Z",1.09459,1.09464
"exness","EURUSD","2023-06-16 01:46:24.571Z",1.09458,1.09464
"exness","EURUSD","2023-06-16 01:46:24.593Z",1.09456,1.09462
"exness","EURUSD","2023-06-16 01:46:25.531Z",1.09456,1.09461
"exness","EURUSD","2023-06-16 01:46:30.126Z",1.09454,1.0946
"exness","EURUSD","2023-06-16 01:46:30.260Z",1.09454,1.09459
"exness","EURUSD","2023-06-16 01:46:30.803Z",1.09454,1.0946
"exness","EURUSD","2023-06-16 01:46:30.926Z",1.09456,1.09462
"exness","EURUSD","2023-06-16 01:46:30.938Z",1.09457,1.09463
"exness","EURUSD","2023-06-16 01:46:30.969Z",1.09459,1.09464
"exness","EURUSD","2023-06-16 01:46:30.987Z",1.09457,1.09463
"exness","EURUSD","2023-06-16 01:46:31.038Z",1.09456,1.09462
"exness","EURUSD","2023-06-16 01:46:39.855Z",1.09454,1.09461
"exness","EURUSD","2023-06-16 01:46:54.798Z",1.09457,1.09463
"exness","EURUSD","2023-06-16 01:46:59.267Z",1.0946,1.09465
"exness","EURUSD","2023-06-16 01:47:08.050Z",1.0946,1.09466
"exness","EURUSD","2023-06-16 01:47:08.777Z",1.09461,1.09468
"exness","EURUSD","2023-06-16 01:47:11.723Z",1.0946,1.09467
"exness","EURUSD","2023-06-16 01:47:24.642Z",1.09462,1.09467
"exness","EURUSD","2023-06-16 01:47:25.779Z",1.09461,1.09467
"exness","EURUSD","2023-06-16 01:47:26.787Z",1.09462,1.09468
"exness","EURUSD","2023-06-16 01:47:38.489Z",1.09463,1.09469
"exness","EURUSD","2023-06-16 01:47:38.532Z",1.09465,1.09471
"exness","EURUSD","2023-06-16 01:48:02.518Z",1.09463,1.0947
"exness","EURUSD","2023-06-16 01:48:03.963Z",1.09464,1.09471
"exness","EURUSD","2023-06-16 01:48:04.468Z",1.09466,1.09472
"exness","EURUSD","2023-06-16 01:48:04.520Z",1.09468,1.09474
"exness","EURUSD","2023-06-16 01:48:05.704Z",1.09469,1.09475
"exness","EURUSD","2023-06-16 01:48:06.310Z",1.09467,1.09474
"exness","EURUSD","2023-06-16 01:48:06.649Z",1.09467,1.09472
"exness","EURUSD","2023-06-16 01:48:10.254Z",1.09466,1.09472
"exness","EURUSD","2023-06-16 01:48:13.806Z",1.09464,1.0947
"exness","EURUSD","2023-06-16 01:48:17.156Z",1.09465,1.09471
"exness","EURUSD","2023-06-16 01:48:21.857Z",1.09467,1.09473
"exness","EURUSD","2023-06-16 01:48:26.507Z",1.09468,1.09473
"exness","EURUSD","2023-06-16 01:48:36.164Z",1.09466,1.09472
"exness","EURUSD","2023-06-16 01:48:38.252Z",1.09467,1.09472
"exness","EURUSD","2023-06-16 01:48:49.695Z",1.09465,1.09472
"exness","EURUSD","2023-06-16 01:48:49.966Z",1.09467,1.09473
"exness","EURUSD","2023-06-16 01:48:50.149Z",1.09468,1.09475
"exness","EURUSD","2023-06-16 01:48:58.650Z",1.0947,1.09476
"exness","EURUSD","2023-06-16 01:48:58.660Z",1.09468,1.09474
"exness","EURUSD","2023-06-16 01:48:58.709Z",1.09467,1.09473
