"Exness","Symbol","Timestamp","Bid","Ask"
"exness","EURUSD","2023-06-13 00:00:01.957Z",1.07619,1.07625
"exness","EURUSD","2023-06-13 00:00:19.546Z",1.0762,1.07626
"exness","EURUSD","2023-06-13 00:00:19.705Z",1.07622,1.07628
"exness","EURUSD","2023-06-13 00:00:19.999Z",1.07623,1.07628
"exness","EURUSD","2023-06-13 00:00:20.166Z",1.07624,1.0763
"exness","EURUSD","2023-06-13 00:00:23.757Z",1.07626,1.07631
"exness","EURUSD","2023-06-13 00:00:24.087Z",1.07626,1.07632
"exness","EURUSD","2023-06-13 00:00:24.328Z",1.07628,1.07634
"exness","EURUSD","2023-06-13 00:00:26.070Z",1.07629,1.07635
"exness","EURUSD","2023-06-13 00:00:27.117Z",1.07631,1.07636
"exness","EURUSD","2023-06-13 00:00:30.008Z",1.07631,1.07638
"exness","EURUSD","2023-06-13 00:00:37.123Z",1.0763,1.07636
"exness","EURUSD","2023-06-13 00:00:37.128Z",1.07629,1.07635
"exness","EURUSD","2023-06-13 00:00:37.262Z",1.07628,1.07633
"exness","EURUSD","2023-06-13 00:00:37.412Z",1.07626,1.07633
"exness","EURUSD","2023-06-13 00:00:38.142Z",1.07625,1.07631
"exness","EURUSD","2023-06-13 00:00:39.188Z",1.07624,1.0763
"exness","EURUSD","2023-06-13 00:00:43.131Z",1.07622,1.07628
"exness","EURUSD","2023-06-13 00:00:44.287Z",1.0762,1.07626
"exness","EURUSD","2023-06-13 00:00:44.539Z",1.07618,1.07625
"exness","EURUSD","2023-06-13 00:00:47.549Z",1.07621,1.07626
"exness","EURUSD","2023-06-13 00:00:56.382Z",1.07621,1.07627
"exness","EURUSD","2023-06-13 00:00:58.794Z",1.07623,1.07628
"exness","EURUSD","2023-06-13 00:01:00.734Z",1.07623,1.07629
"exness","EURUSD","2023-06-13 00:01:00.766Z",1.07625,1.07631
"exness","EURUSD","2023-06-13 00:01:02.084Z",1.07626,1.07631
"exness","EURUSD","2023-06-13 00:01:02.905Z",1.07624,1.0763
"exness","EURUSD","2023-06-13 00:01:12.145Z",1.07623,1.07629
"exness","EURUSD","2023-06-13 00:01:51.683Z",1.07621,1.07627
"exness","EURUSD","2023-06-13 00:01:52.157Z",1.07622,1.07629
"exness","EURUSD","2023-06-13 00:01:52.711Z",1.07624,1.07629
"exness","EURUSD","2023-06-13 00:01:59.663Z",1.07624,1.0763
"exness","EURUSD","2023-06-13 00:02:00.183Z",1.07623,1.07629
"exness","EURUSD","2023-06-13 00:02:01.216Z",1.07621,1.07627
"exness","EURUSD","2023-06-13 00:02:01.767Z",1.07623,1.07629
"exness","EURUSD","2023-06-13 00:02:02.494Z",1.07624,1.07629
"exness","EURUSD","2023-06-13 00:02:14.058Z",1.07624,1.0763
"exness","EURUSD","2023-06-13 00:02:21.233Z",1.07622,1.07629
"exness","EURUSD","2023-06-13 00:02:51.005Z",1.0762,1.07627
"exness","EURUSD","2023-06-13 00:02:55.655Z",1.07623,1.07628
"exness","EURUSD","2023-06-13 00:03:01.133Z",1.07623,1.07629
"exness","EURUSD","2023-06-13 00:03:04.309Z",1.07621,1.07628
"exness","EURUSD","2023-06-13 00:03:07.018Z",1.07619,1.07626
"exness","EURUSD","2023-06-13 00:03:07.198Z",1.07619,1.07624
"exness","EURUSD","2023-06-13 00:03:14.096Z",1.07619,1.07625
"exness","EURUSD","2023-06-13 00:03:16.837Z",1.07621,1.07627
"exness","EURUSD","2023-06-13 00:03:19.591Z",1.07622,1.07627
"exness","EURUSD","2023-06-13 00:03:22.239Z",1.07623,1.07629
"exness","EURUSD","2023-06-13 00:03:22.942Z",1.07625,1.0763
"exness","EURUSD","2023-06-13 00:03:23.946Z",1.07623,1.07629
"exness","EURUSD","2023-06-13 00:03:25.158Z",1.07625,1.07631
"exness","EURUSD","2023-06-13 00:03:25.192Z",1.07626,1.07633
"exness","EURUSD","2023-06-13 00:03:25.203Z",1.07628,1.07634
"exness","EURUSD","2023-06-13 00:03:25.254Z",1.07629,1.07634
"exness","EURUSD","2023-06-13 00:03:31.678Z",1.0763,1.07636
"exness","EURUSD","2023-06-13 00:03:32.793Z",1.07631,1.07637
"exness","EURUSD","2023-06-13 00:03:34.087Z",1.07632,1.07639
"exness","EURUSD","2023-06-13 00:04:01.164Z",1.07635,1.0764
"exness","EURUSD","2023-06-13 00:04:03.820Z",1.07634,1.07641
"exness","EURUSD","2023-06-13 00:04:17.488Z",1.07636,1.07641
"exness","EURUSD","2023-06-13 00:04:27.015Z",1.07634,1.0764
"exness","EURUSD","2023-06-13 00:04:43.041Z",1.07632,1.07638
"exness","EURUSD","2023-06-13 00:04:44.140Z",1.07631,1.07637
"exness","EURUSD","2023-06-13 00:04:51.014Z",1.07629,1.07636
"exness","EURUSD","2023-06-13 00:05:06.353Z",1.07631,1.07637
"exness","EURUSD","2023-06-13 00:05:43.603Z",1.07632,1.07638
"exness","EURUSD","2023-06-13 00:05:58.915Z",1.07633,1.07639
"exness","EURUSD","2023-06-13 00:06:00.294Z",1.07634,1.0764
"exness","EURUSD","2023-06-13 00:06:11.766Z",1.07635,1.07642
"exness","EURUSD","2023-06-13 00:06:18.844Z",1.07634,1.0764
"exness","EURUSD","2023-06-13 00:06:21.719Z",1.07635,1.07642
"exness","EURUSD","2023-06-13 00:06:23.740Z",1.07638,1.07644
"exness","EURUSD","2023-06-13 00:06:23.750Z",1.07639,1.07646
"exness","EURUSD","2023-06-13 00:06:23.766Z",1.07641,1.07647
"exness","EURUSD","2023-06-13 00:06:23.794Z",1.07643,1.07649
"exness","EURUSD","2023-06-13 00:06:23.833Z",1.07644,1.0765
"exness","EURUSD","2023-06-13 00:06:42.735Z",1.07642,1.07648
"exness","EURUSD","2023-06-13 00:06:43.762Z",1.07641,1.07647
"exness","EURUSD","2023-06-13 00:06:46.039Z",1.07643,1.07648
"exness","EURUSD","2023-06-13 00:06:47.828Z",1.07643,1.07649
"exness","EURUSD","2023-06-13 00:06:49.839Z",1.07645,1.0765
"exness","EURUSD","2023-06-13 00:06:50.270Z",1.07646,1.07652
"exness","EURUSD","2023-06-13 00:06:50.297Z",1.07647,1.07652
"exness","EURUSD","2023-06-13 00:06:50.306Z",1.07648,1.07654
"exness","EURUSD","2023-06-13 00:07:05.324Z",1.0765,1.07656
"exness","EURUSD","2023-06-13 00:07:05.409Z",1.07652,1.07658
"exness","EURUSD","2023-06-13 00:07:05.894Z",1.07653,1.07659
"exness","EURUSD","2023-06-13 00:07:05.903Z",1.0765500000000001,1.07661
"exness","EURUSD","2023-06-13 00:07:06.965Z",1.07653,1.07659
"exness","EURUSD","2023-06-13 00:07:07.007Z",1.07651,1.07658
"exness","EURUSD","2023-06-13 00:07:07.763Z",1.07651,1.07656
"exness","EURUSD","2023-06-13 00:07:07.811Z",1.0765,1.07656
"exness","EURUSD","2023-06-13 00:07:09.180Z",1.07647,1.07654
"exness","EURUSD","2023-06-13 00:07:09.285Z",1.07646,1.07652
"exness","EURUSD","2023-06-13 00:07:21.260Z",1.07647,1.07652
"exness","EURUSD","2023-06-13 00:07:24.393Z",1.07647,1.07654
"exness","EURUSD","2023-06-13 00:08:01.361Z",1.0765,1.07656
"exness","EURUSD","2023-06-13 00:08:01.415Z",1.07651,1.07657
"exness","EURUSD","2023-06-13 00:08:01.919Z",1.07651,1.07656
"exness","EURUSD","2023-06-13 00:08:35.498Z",1.07649,1.0765500000000001
"exness","EURUSD","2023-06-13 00:08:38.956Z",1.07649,1.07654
"exness","EURUSD","2023-06-13 00:08:39.364Z",1.07647,1.07653
"exness","EURUSD","2023-06-13 00:08:39.388Z",1.07645,1.07652
"exness","EURUSD","2023-06-13 00:08:42.929Z",1.07644,1.07651
"exness","EURUSD","2023-06-13 00:08:45.005Z",1.07642,1.07649
"exness","EURUSD","2023-06-13 00:08:45.028Z",1.07641,1.07647
"exness","EURUSD","2023-06-13 00:08:45.043Z",1.07639,1.07646
"exness","EURUSD","2023-06-13 00:08:45.098Z",1.07641,1.07647
"exness","EURUSD","2023-06-13 00:08:45.158Z",1.07642,1.07647
"exness","EURUSD","2023-06-13 00:08:45.585Z",1.07643,1.07649
"exness","EURUSD","2023-06-13 00:08:46.174Z",1.07644,1.07649
"exness","EURUSD","2023-06-13 00:08:53.362Z",1.07645,1.07652
"exness","EURUSD","2023-06-13 00:09:06.257Z",1.07645,1.0765
"exness","EURUSD","2023-06-13 00:09:07.630Z",1.07646,1.07652
"exness","EURUSD","2023-06-13 00:09:08.139Z",1.07647,1.07654
"exness","EURUSD","2023-06-13 00:09:08.451Z",1.07649,1.0765500000000001
"exness","EURUSD","2023-06-13 00:09:18.114Z",1.0765,1.07656
"exness","EURUSD","2023-06-13 00:09:19.106Z",1.07652,1.07657
"exness","EURUSD","2023-06-13 00:09:24.591Z",1.0765,1.07656
"exness","EURUSD","2023-06-13 00:09:37.191Z",1.07651,1.07656
"exness","EURUSD","2023-06-13 00:09:38.235Z",1.0765,1.07656
"exness","EURUSD","2023-06-13 00:09:47.453Z",1.0765,1.0765500000000001
"exness","EURUSD","2023-06-13 00:10:02.731Z",1.07647,1.07654
"exness","EURUSD","2023-06-13 00:10:08.906Z",1.07647,1.07652
"exness","EURUSD","2023-06-13 00:10:39.455Z",1.07649,1.0765500000000001
"exness","EURUSD","2023-06-13 00:10:49.539Z",1.07651,1.07657
"exness","EURUSD","2023-06-13 00:10:52.422Z",1.0765,1.0765500000000001
"exness","EURUSD","2023-06-13 00:10:56.796Z",1.0765,1.07657
"exness","EURUSD","2023-06-13 00:10:56.807Z",1.07652,1.07658
"exness","EURUSD","2023-06-13 00:10:57.013Z",1.07654,1.0766
"exness","EURUSD","2023-06-13 00:11:46.870Z",1.07652,1.07659
"exness","EURUSD","2023-06-13 00:11:48.356Z",1.07652,1.07657
"exness","EURUSD","2023-06-13 00:11:49.478Z",1.07652,1.07658
"exness","EURUSD","2023-06-13 00:11:55.440Z",1.07654,1.0766
"exness","EURUSD","2023-06-13 00:11:56.528Z",1.0765500000000001,1.0766
"exness","EURUSD","2023-06-13 00:12:13.964Z",1.07656,1.07662
"exness","EURUSD","2023-06-13 00:12:30.010Z",1.0765500000000001,1.0766
"exness","EURUSD","2023-06-13 00:12:32.583Z",1.07654,1.07661
"exness","EURUSD","2023-06-13 00:13:17.029Z",1.07656,1.07661
"exness","EURUSD","2023-06-13 00:13:22.757Z",1.07657,1.07663
"exness","EURUSD","2023-06-13 00:13:37.322Z",1.07658,1.07664
"exness","EURUSD","2023-06-13 00:13:37.339Z",1.07659,1.07666
"exness","EURUSD","2023-06-13 00:13:54.955Z",1.07659,1.07664
"exness","EURUSD","2023-06-13 00:14:01.638Z",1.07657,1.07663
"exness","EURUSD","2023-06-13 00:14:02.900Z",1.07657,1.07662
"exness","EURUSD","2023-06-13 00:14:07.614Z",1.07656,1.07662
"exness","EURUSD","2023-06-13 00:14:12.706Z",1.07654,1.0766
"exness","EURUSD","2023-06-13 00:14:15.337Z",1.07656,1.07662
"exness","EURUSD","2023-06-13 00:14:22.444Z",1.07658,1.07664
"exness","EURUSD","2023-06-13 00:14:22.503Z",1.07659,1.0766499999999999
"exness","EURUSD","2023-06-13 00:14:27.339Z",1.07661,1.07666
"exness","EURUSD","2023-06-13 00:14:27.373Z",1.07661,1.07668
"exness","EURUSD","2023-06-13 00:14:27.433Z",1.07663,1.07669
"exness","EURUSD","2023-06-13 00:14:27.482Z",1.0766499999999999,1.07671
"exness","EURUSD","2023-06-13 00:15:05.921Z",1.07662,1.07669
"exness","EURUSD","2023-06-13 00:15:05.941Z",1.07661,1.07667
"exness","EURUSD","2023-06-13 00:15:10.933Z",1.0766,1.07666
"exness","EURUSD","2023-06-13 00:15:14.303Z",1.0766,1.0766499999999999
"exness","EURUSD","2023-06-13 00:15:22.445Z",1.07658,1.0766499999999999
"exness","EURUSD","2023-06-13 00:15:25.649Z",1.0766,1.0766499999999999
"exness","EURUSD","2023-06-13 00:15:30.067Z",1.07661,1.07667
"exness","EURUSD","2023-06-13 00:15:38.614Z",1.0766,1.07666
"exness","EURUSD","2023-06-13 00:15:49.571Z",1.0766,1.0766499999999999
"exness","EURUSD","2023-06-13 00:16:13.826Z",1.07659,1.0766499999999999
"exness","EURUSD","2023-06-13 00:16:54.347Z",1.07661,1.07667
"exness","EURUSD","2023-06-13 00:16:55.352Z",1.07659,1.0766499999999999
"exness","EURUSD","2023-06-13 00:17:22.106Z",1.07658,1.07664
"exness","EURUSD","2023-06-13 00:17:22.125Z",1.07656,1.07662
"exness","EURUSD","2023-06-13 00:17:22.160Z",1.0765500000000001,1.07661
"exness","EURUSD","2023-06-13 00:17:22.438Z",1.07654,1.07659
"exness","EURUSD","2023-06-13 00:17:28.859Z",1.07654,1.0766
"exness","EURUSD","2023-06-13 00:17:28.886Z",1.07656,1.07662
"exness","EURUSD","2023-06-13 00:17:28.983Z",1.07657,1.07663
"exness","EURUSD","2023-06-13 00:17:35.271Z",1.07658,1.07664
"exness","EURUSD","2023-06-13 00:17:39.092Z",1.07657,1.07663
"exness","EURUSD","2023-06-13 00:17:39.115Z",1.0765500000000001,1.07662
"exness","EURUSD","2023-06-13 00:17:39.144Z",1.07654,1.0766
"exness","EURUSD","2023-06-13 00:17:39.195Z",1.07652,1.07659
"exness","EURUSD","2023-06-13 00:17:43.293Z",1.07651,1.07657
"exness","EURUSD","2023-06-13 00:17:46.706Z",1.0765,1.07656
"exness","EURUSD","2023-06-13 00:18:01.128Z",1.07649,1.0765500000000001
"exness","EURUSD","2023-06-13 00:18:03.699Z",1.07648,1.07654
"exness","EURUSD","2023-06-13 00:18:03.715Z",1.07646,1.07652
"exness","EURUSD","2023-06-13 00:18:04.626Z",1.07648,1.07654
"exness","EURUSD","2023-06-13 00:18:05.218Z",1.07649,1.0765500000000001
"exness","EURUSD","2023-06-13 00:18:10.794Z",1.07647,1.07654
"exness","EURUSD","2023-06-13 00:18:12.974Z",1.07646,1.07653
"exness","EURUSD","2023-06-13 00:18:14.930Z",1.07648,1.07654
"exness","EURUSD","2023-06-13 00:18:17.688Z",1.07649,1.0765500000000001
"exness","EURUSD","2023-06-13 00:18:35.655Z",1.07648,1.07654
"exness","EURUSD","2023-06-13 00:18:42.574Z",1.07649,1.07654
"exness","EURUSD","2023-06-13 00:18:49.766Z",1.07649,1.07656
"exness","EURUSD","2023-06-13 00:19:01.372Z",1.07651,1.07656
"exness","EURUSD","2023-06-13 00:19:20.428Z",1.07651,1.07658
"exness","EURUSD","2023-06-13 00:19:29.181Z",1.07653,1.07658
"exness","EURUSD","2023-06-13 00:19:44.580Z",1.07651,1.07657
"exness","EURUSD","2023-06-13 00:19:58.162Z",1.0765,1.0765500000000001
"exness","EURUSD","2023-06-13 00:20:04.025Z",1.07651,1.07657
"exness","EURUSD","2023-06-13 00:20:05.053Z",1.07651,1.07656
"exness","EURUSD","2023-06-13 00:20:18.871Z",1.0765,1.07656
"exness","EURUSD","2023-06-13 00:20:27.156Z",1.0765,1.0765500000000001
"exness","EURUSD","2023-06-13 00:20:33.095Z",1.07648,1.07654
"exness","EURUSD","2023-06-13 00:20:35.000Z",1.07645,1.07652
"exness","EURUSD","2023-06-13 00:20:35.025Z",1.07644,1.0765
"exness","EURUSD","2023-06-13 00:20:35.055Z",1.07642,1.07649
"exness","EURUSD","2023-06-13 00:20:35.093Z",1.07641,1.07647
"exness","EURUSD","2023-06-13 00:20:35.857Z",1.07642,1.07648
"exness","EURUSD","2023-06-13 00:20:36.871Z",1.07644,1.0765
"exness","EURUSD","2023-06-13 00:20:48.308Z",1.07646,1.07652
"exness","EURUSD","2023-06-13 00:20:57.118Z",1.07644,1.07649
"exness","EURUSD","2023-06-13 00:21:06.237Z",1.07644,1.07651
"exness","EURUSD","2023-06-13 00:21:21.362Z",1.07645,1.07652
"exness","EURUSD","2023-06-13 00:21:21.506Z",1.07647,1.07654
"exness","EURUSD","2023-06-13 00:21:22.806Z",1.07649,1.0765500000000001
"exness","EURUSD","2023-06-13 00:21:25.947Z",1.0765,1.0765500000000001
"exness","EURUSD","2023-06-13 00:21:39.230Z",1.0765,1.07657
"exness","EURUSD","2023-06-13 00:21:51.121Z",1.07649,1.0765500000000001
"exness","EURUSD","2023-06-13 00:22:14.127Z",1.07648,1.07654
"exness","EURUSD","2023-06-13 00:22:14.167Z",1.07646,1.07652
"exness","EURUSD","2023-06-13 00:22:25.364Z",1.07648,1.07654
"exness","EURUSD","2023-06-13 00:22:25.396Z",1.07649,1.07656
"exness","EURUSD","2023-06-13 00:22:27.590Z",1.07651,1.07656
"exness","EURUSD","2023-06-13 00:22:49.670Z",1.0765,1.07656
"exness","EURUSD","2023-06-13 00:23:32.757Z",1.07648,1.07654
"exness","EURUSD","2023-06-13 00:23:36.436Z",1.07647,1.07652
"exness","EURUSD","2023-06-13 00:23:42.136Z",1.07646,1.07652
"exness","EURUSD","2023-06-13 00:23:54.080Z",1.07648,1.07654
"exness","EURUSD","2023-06-13 00:24:00.688Z",1.07649,1.07654
"exness","EURUSD","2023-06-13 00:24:01.775Z",1.07646,1.07653
"exness","EURUSD","2023-06-13 00:24:01.917Z",1.07646,1.07651
"exness","EURUSD","2023-06-13 00:24:05.664Z",1.07646,1.07653
"exness","EURUSD","2023-06-13 00:24:13.944Z",1.07644,1.0765
"exness","EURUSD","2023-06-13 00:24:27.993Z",1.07647,1.07653
"exness","EURUSD","2023-06-13 00:24:28.057Z",1.07648,1.07654
"exness","EURUSD","2023-06-13 00:24:31.559Z",1.07648,1.07653
"exness","EURUSD","2023-06-13 00:24:42.415Z",1.07646,1.07652
"exness","EURUSD","2023-06-13 00:24:42.618Z",1.07644,1.07651
"exness","EURUSD","2023-06-13 00:25:01.431Z",1.07646,1.07652
"exness","EURUSD","2023-06-13 00:25:06.796Z",1.07647,1.07652
"exness","EURUSD","2023-06-13 00:25:10.316Z",1.07647,1.07654
"exness","EURUSD","2023-06-13 00:25:14.281Z",1.07649,1.07654
"exness","EURUSD","2023-06-13 00:25:29.644Z",1.07649,1.0765500000000001
"exness","EURUSD","2023-06-13 00:25:46.585Z",1.07647,1.07653
"exness","EURUSD","2023-06-13 00:25:46.602Z",1.07645,1.07652
"exness","EURUSD","2023-06-13 00:25:48.793Z",1.07644,1.07651
"exness","EURUSD","2023-06-13 00:26:01.108Z",1.07642,1.07649
"exness","EURUSD","2023-06-13 00:26:01.146Z",1.07641,1.07647
"exness","EURUSD","2023-06-13 00:26:08.213Z",1.0764,1.07646
"exness","EURUSD","2023-06-13 00:26:51.253Z",1.07641,1.07647
"exness","EURUSD","2023-06-13 00:26:55.021Z",1.07642,1.07647
"exness","EURUSD","2023-06-13 00:27:02.632Z",1.07643,1.07649
"exness","EURUSD","2023-06-13 00:27:06.479Z",1.07642,1.07648
"exness","EURUSD","2023-06-13 00:27:06.501Z",1.0764,1.07646
"exness","EURUSD","2023-06-13 00:27:07.099Z",1.07641,1.07646
"exness","EURUSD","2023-06-13 00:27:07.499Z",1.07642,1.07648
"exness","EURUSD","2023-06-13 00:27:17.098Z",1.07643,1.0765
"exness","EURUSD","2023-06-13 00:27:34.563Z",1.07642,1.07648
"exness","EURUSD","2023-06-13 00:27:38.442Z",1.07644,1.07649
"exness","EURUSD","2023-06-13 00:28:02.598Z",1.07646,1.07652
"exness","EURUSD","2023-06-13 00:28:15.511Z",1.07647,1.07653
"exness","EURUSD","2023-06-13 00:28:22.498Z",1.07649,1.0765500000000001
"exness","EURUSD","2023-06-13 00:28:27.603Z",1.0765,1.0765500000000001
"exness","EURUSD","2023-06-13 00:29:20.268Z",1.07649,1.0765500000000001
"exness","EURUSD","2023-06-13 00:29:31.562Z",1.07648,1.07654
"exness","EURUSD","2023-06-13 00:29:32.911Z",1.07647,1.07653
"exness","EURUSD","2023-06-13 00:29:50.758Z",1.07649,1.07654
"exness","EURUSD","2023-06-13 00:30:02.630Z",1.07647,1.07653
"exness","EURUSD","2023-06-13 00:30:02.687Z",1.07645,1.07651
"exness","EURUSD","2023-06-13 00:30:04.415Z",1.07647,1.07653
"exness","EURUSD","2023-06-13 00:30:05.615Z",1.07646,1.07652
"exness","EURUSD","2023-06-13 00:30:10.697Z",1.07645,1.07651
"exness","EURUSD","2023-06-13 00:30:16.955Z",1.07642,1.07649
"exness","EURUSD","2023-06-13 00:30:16.973Z",1.07641,1.07647
"exness","EURUSD","2023-06-13 00:30:33.200Z",1.07639,1.07645
"exness","EURUSD","2023-06-13 00:30:37.753Z",1.07639,1.07644
"exness","EURUSD","2023-06-13 00:30:51.780Z",1.07639,1.07645
"exness","EURUSD","2023-06-13 00:31:32.342Z",1.07641,1.07647
"exness","EURUSD","2023-06-13 00:31:32.440Z",1.07642,1.07648
"exness","EURUSD","2023-06-13 00:31:33.770Z",1.07643,1.0765
"exness","EURUSD","2023-06-13 00:31:36.775Z",1.07642,1.07648
"exness","EURUSD","2023-06-13 00:31:36.985Z",1.0764,1.07646
"exness","EURUSD","2023-06-13 00:31:39.069Z",1.0764,1.07645
"exness","EURUSD","2023-06-13 00:31:39.984Z",1.07641,1.07647
"exness","EURUSD","2023-06-13 00:31:40.356Z",1.07642,1.07648
"exness","EURUSD","2023-06-13 00:31:43.113Z",1.07643,1.07649
"exness","EURUSD","2023-06-13 00:31:43.825Z",1.07645,1.07651
"exness","EURUSD","2023-06-13 00:31:43.893Z",1.07646,1.07652
"exness","EURUSD","2023-06-13 00:31:44.311Z",1.07648,1.07654
"exness","EURUSD","2023-06-13 00:31:46.567Z",1.07649,1.0765500000000001
"exness","EURUSD","2023-06-13 00:31:51.489Z",1.0765,1.07656
"exness","EURUSD","2023-06-13 00:31:53.509Z",1.07651,1.07658
"exness","EURUSD","2023-06-13 00:32:07.896Z",1.0765,1.07657
"exness","EURUSD","2023-06-13 00:32:09.141Z",1.07649,1.0765500000000001
"exness","EURUSD","2023-06-13 00:32:15.400Z",1.07648,1.07654
"exness","EURUSD","2023-06-13 00:32:31.188Z",1.0765,1.07656
"exness","EURUSD","2023-06-13 00:32:35.305Z",1.07651,1.07657
"exness","EURUSD","2023-06-13 00:32:40.201Z",1.07651,1.07656
"exness","EURUSD","2023-06-13 00:32:41.180Z",1.07649,1.07656
"exness","EURUSD","2023-06-13 00:32:41.263Z",1.07649,1.07654
"exness","EURUSD","2023-06-13 00:32:44.187Z",1.07649,1.07656
"exness","EURUSD","2023-06-13 00:32:48.237Z",1.07651,1.07656
"exness","EURUSD","2023-06-13 00:32:52.447Z",1.07649,1.0765500000000001
"exness","EURUSD","2023-06-13 00:33:00.420Z",1.07648,1.07654
"exness","EURUSD","2023-06-13 00:33:00.430Z",1.07646,1.07652
"exness","EURUSD","2023-06-13 00:33:00.446Z",1.07644,1.07651
"exness","EURUSD","2023-06-13 00:33:00.457Z",1.07643,1.07649
"exness","EURUSD","2023-06-13 00:33:00.485Z",1.07641,1.07648
"exness","EURUSD","2023-06-13 00:33:00.568Z",1.0764,1.07646
"exness","EURUSD","2023-06-13 00:33:07.152Z",1.07639,1.07645
"exness","EURUSD","2023-06-13 00:33:08.572Z",1.07638,1.07644
"exness","EURUSD","2023-06-13 00:33:14.050Z",1.07636,1.07642
"exness","EURUSD","2023-06-13 00:33:14.121Z",1.07635,1.07641
"exness","EURUSD","2023-06-13 00:33:16.593Z",1.07636,1.07641
"exness","EURUSD","2023-06-13 00:33:21.061Z",1.07637,1.07643
"exness","EURUSD","2023-06-13 00:33:21.078Z",1.07639,1.07645
"exness","EURUSD","2023-06-13 00:33:21.110Z",1.0764,1.07646
"exness","EURUSD","2023-06-13 00:33:21.147Z",1.07642,1.07648
"exness","EURUSD","2023-06-13 00:33:22.178Z",1.07644,1.0765
"exness","EURUSD","2023-06-13 00:34:17.549Z",1.07643,1.07649
"exness","EURUSD","2023-06-13 00:34:17.563Z",1.07641,1.07647
"exness","EURUSD","2023-06-13 00:34:17.674Z",1.07639,1.07646
"exness","EURUSD","2023-06-13 00:34:26.423Z",1.07639,1.07644
"exness","EURUSD","2023-06-13 00:34:57.828Z",1.07638,1.07644
"exness","EURUSD","2023-06-13 00:35:00.605Z",1.07636,1.07642
"exness","EURUSD","2023-06-13 00:35:02.761Z",1.07634,1.07641
"exness","EURUSD","2023-06-13 00:35:08.578Z",1.07637,1.07643
"exness","EURUSD","2023-06-13 00:35:10.022Z",1.07638,1.07644
"exness","EURUSD","2023-06-13 00:35:12.394Z",1.07639,1.07645
"exness","EURUSD","2023-06-13 00:35:52.036Z",1.0764,1.07646
"exness","EURUSD","2023-06-13 00:36:17.164Z",1.07642,1.07648
"exness","EURUSD","2023-06-13 00:36:19.355Z",1.07643,1.07649
"exness","EURUSD","2023-06-13 00:36:28.940Z",1.07644,1.07649
"exness","EURUSD","2023-06-13 00:36:35.545Z",1.07643,1.07649
"exness","EURUSD","2023-06-13 00:36:46.710Z",1.07642,1.07648
"exness","EURUSD","2023-06-13 00:36:50.053Z",1.0764,1.07645
"exness","EURUSD","2023-06-13 00:36:51.065Z",1.0764,1.07647
"exness","EURUSD","2023-06-13 00:36:59.086Z",1.07639,1.07646
"exness","EURUSD","2023-06-13 00:37:01.711Z",1.07641,1.07646
"exness","EURUSD","2023-06-13 00:37:04.052Z",1.0764,1.07646
"exness","EURUSD","2023-06-13 00:37:09.147Z",1.07639,1.07644
"exness","EURUSD","2023-06-13 00:37:12.502Z",1.07639,1.07645
"exness","EURUSD","2023-06-13 00:37:22.149Z",1.07639,1.07644
"exness","EURUSD","2023-06-13 00:37:22.171Z",1.07637,1.07643
"exness","EURUSD","2023-06-13 00:37:22.214Z",1.07635,1.07642
"exness","EURUSD","2023-06-13 00:37:23.435Z",1.07634,1.0764
"exness","EURUSD","2023-06-13 00:37:55.326Z",1.07636,1.07642
"exness","EURUSD","2023-06-13 00:38:02.199Z",1.07637,1.07643
"exness","EURUSD","2023-06-13 00:38:02.458Z",1.07639,1.07644
"exness","EURUSD","2023-06-13 00:38:06.922Z",1.07638,1.07644
"exness","EURUSD","2023-06-13 00:38:10.153Z",1.07639,1.07644
"exness","EURUSD","2023-06-13 00:38:23.138Z",1.07639,1.07645
"exness","EURUSD","2023-06-13 00:38:37.476Z",1.0764,1.07646
"exness","EURUSD","2023-06-13 00:38:46.693Z",1.07639,1.07645
"exness","EURUSD","2023-06-13 00:39:00.896Z",1.0764,1.07646
"exness","EURUSD","2023-06-13 00:39:12.039Z",1.07639,1.07644
"exness","EURUSD","2023-06-13 00:39:31.568Z",1.07637,1.07643
"exness","EURUSD","2023-06-13 00:39:31.589Z",1.07635,1.07642
"exness","EURUSD","2023-06-13 00:39:31.656Z",1.07634,1.0764
"exness","EURUSD","2023-06-13 00:39:31.809Z",1.07632,1.07639
"exness","EURUSD","2023-06-13 00:39:32.144Z",1.07631,1.07636
"exness","EURUSD","2023-06-13 00:39:43.773Z",1.07631,1.07638
"exness","EURUSD","2023-06-13 00:39:45.998Z",1.07629,1.07636
"exness","EURUSD","2023-06-13 00:39:46.848Z",1.07629,1.07634
"exness","EURUSD","2023-06-13 00:39:47.551Z",1.07627,1.07634
"exness","EURUSD","2023-06-13 00:39:47.634Z",1.07626,1.07632
"exness","EURUSD","2023-06-13 00:39:48.721Z",1.07625,1.07631
"exness","EURUSD","2023-06-13 00:40:02.570Z",1.07627,1.07633
"exness","EURUSD","2023-06-13 00:40:02.707Z",1.07625,1.07631
"exness","EURUSD","2023-06-13 00:40:03.552Z",1.07627,1.07633
"exness","EURUSD","2023-06-13 00:40:03.569Z",1.07628,1.07633
"exness","EURUSD","2023-06-13 00:40:04.378Z",1.07628,1.07635
"exness","EURUSD","2023-06-13 00:40:21.052Z",1.0763,1.07636
"exness","EURUSD","2023-06-13 00:40:43.210Z",1.07628,1.07634
"exness","EURUSD","2023-06-13 00:40:46.618Z",1.07627,1.07632
"exness","EURUSD","2023-06-13 00:40:59.028Z",1.07628,1.07634
"exness","EURUSD","2023-06-13 00:41:02.024Z",1.07629,1.07635
"exness","EURUSD","2023-06-13 00:41:18.124Z",1.0763,1.07635
"exness","EURUSD","2023-06-13 00:41:29.004Z",1.0763,1.07637
"exness","EURUSD","2023-06-13 00:41:48.363Z",1.07629,1.07635
"exness","EURUSD","2023-06-13 00:41:55.638Z",1.07629,1.07634
"exness","EURUSD","2023-06-13 00:42:05.961Z",1.0763,1.07636
"exness","EURUSD","2023-06-13 00:42:17.640Z",1.07632,1.07637
"exness","EURUSD","2023-06-13 00:42:26.914Z",1.0763,1.07637
"exness","EURUSD","2023-06-13 00:43:13.026Z",1.0763,1.07635
"exness","EURUSD","2023-06-13 00:43:15.689Z",1.07629,1.07635
"exness","EURUSD","2023-06-13 00:43:16.498Z",1.07628,1.07633
"exness","EURUSD","2023-06-13 00:43:24.178Z",1.07629,1.07635
"exness","EURUSD","2023-06-13 00:43:28.469Z",1.07626,1.07632
"exness","EURUSD","2023-06-13 00:43:30.620Z",1.07625,1.07631
"exness","EURUSD","2023-06-13 00:43:43.902Z",1.07626,1.07632
"exness","EURUSD","2023-06-13 00:43:48.455Z",1.07625,1.07631
"exness","EURUSD","2023-06-13 00:43:48.506Z",1.07623,1.07629
"exness","EURUSD","2023-06-13 00:43:57.060Z",1.07622,1.07628
"exness","EURUSD","2023-06-13 00:44:02.315Z",1.07623,1.07628
"exness","EURUSD","2023-06-13 00:44:03.424Z",1.07624,1.0763
"exness","EURUSD","2023-06-13 00:44:20.857Z",1.07625,1.07631
"exness","EURUSD","2023-06-13 00:44:27.039Z",1.07626,1.07631
"exness","EURUSD","2023-06-13 00:44:32.357Z",1.07627,1.07633
"exness","EURUSD","2023-06-13 00:44:32.620Z",1.07628,1.07633
"exness","EURUSD","2023-06-13 00:45:06.982Z",1.07627,1.07633
"exness","EURUSD","2023-06-13 00:45:08.515Z",1.07625,1.07631
"exness","EURUSD","2023-06-13 00:45:13.379Z",1.07624,1.0763
"exness","EURUSD","2023-06-13 00:45:43.328Z",1.07622,1.07629
"exness","EURUSD","2023-06-13 00:45:43.352Z",1.07621,1.07627
"exness","EURUSD","2023-06-13 00:45:43.609Z",1.07619,1.07626
"exness","EURUSD","2023-06-13 00:45:46.023Z",1.07619,1.07624
"exness","EURUSD","2023-06-13 00:46:00.511Z",1.07621,1.07627
"exness","EURUSD","2023-06-13 00:46:05.973Z",1.07622,1.07628
"exness","EURUSD","2023-06-13 00:46:11.331Z",1.07623,1.07629
"exness","EURUSD","2023-06-13 00:46:28.771Z",1.07622,1.07628
"exness","EURUSD","2023-06-13 00:46:36.493Z",1.07622,1.07627
"exness","EURUSD","2023-06-13 00:46:47.856Z",1.07619,1.07626
"exness","EURUSD","2023-06-13 00:47:09.273Z",1.0762,1.07627
"exness","EURUSD","2023-06-13 00:47:17.637Z",1.0762,1.07625
"exness","EURUSD","2023-06-13 00:47:18.732Z",1.07619,1.07625
"exness","EURUSD","2023-06-13 00:47:23.835Z",1.07618,1.07624
"exness","EURUSD","2023-06-13 00:47:23.861Z",1.07616,1.07623
"exness","EURUSD","2023-06-13 00:47:24.071Z",1.07615,1.07621
"exness","EURUSD","2023-06-13 00:47:26.020Z",1.07614,1.07619
"exness","EURUSD","2023-06-13 00:47:27.779Z",1.07615,1.07621
"exness","EURUSD","2023-06-13 00:47:46.422Z",1.07616,1.07622
"exness","EURUSD","2023-06-13 00:47:47.058Z",1.07617,1.07624
"exness","EURUSD","2023-06-13 00:47:59.665Z",1.07619,1.07625
"exness","EURUSD","2023-06-13 00:48:24.101Z",1.0762,1.07627
"exness","EURUSD","2023-06-13 00:48:29.104Z",1.07622,1.07628
"exness","EURUSD","2023-06-13 00:48:31.442Z",1.07623,1.07629
"exness","EURUSD","2023-06-13 00:48:35.341Z",1.07625,1.0763
"exness","EURUSD","2023-06-13 00:48:36.341Z",1.07625,1.07631
"exness","EURUSD","2023-06-13 00:48:36.815Z",1.07626,1.07631
"exness","EURUSD","2023-06-13 00:48:41.167Z",1.07625,1.07631
"exness","EURUSD","2023-06-13 00:48:58.365Z",1.07628,1.07634
"exness","EURUSD","2023-06-13 00:49:00.625Z",1.07629,1.07635
"exness","EURUSD","2023-06-13 00:49:10.562Z",1.07631,1.07637
"exness","EURUSD","2023-06-13 00:49:44.696Z",1.07631,1.07636
"exness","EURUSD","2023-06-13 00:49:56.946Z",1.07631,1.07637
"exness","EURUSD","2023-06-13 00:50:08.508Z",1.07632,1.07638
"exness","EURUSD","2023-06-13 00:50:14.207Z",1.0763,1.07636
"exness","EURUSD","2023-06-13 00:50:16.822Z",1.07629,1.07635
"exness","EURUSD","2023-06-13 00:50:19.207Z",1.07627,1.07633
"exness","EURUSD","2023-06-13 00:50:23.831Z",1.07627,1.07632
"exness","EURUSD","2023-06-13 00:50:32.743Z",1.07628,1.07634
"exness","EURUSD","2023-06-13 00:50:35.083Z",1.07626,1.07632
"exness","EURUSD","2023-06-13 00:51:03.174Z",1.07623,1.07629
"exness","EURUSD","2023-06-13 00:51:03.253Z",1.07622,1.07628
"exness","EURUSD","2023-06-13 00:51:04.028Z",1.0762,1.07626
"exness","EURUSD","2023-06-13 00:51:09.438Z",1.07619,1.07625
"exness","EURUSD","2023-06-13 00:51:09.571Z",1.07617,1.07623
"exness","EURUSD","2023-06-13 00:51:09.601Z",1.07616,1.07622
"exness","EURUSD","2023-06-13 00:51:09.683Z",1.07615,1.0762
"exness","EURUSD","2023-06-13 00:51:10.882Z",1.07614,1.0762
"exness","EURUSD","2023-06-13 00:51:12.135Z",1.07615,1.07621
"exness","EURUSD","2023-06-13 00:51:12.401Z",1.07617,1.07623
"exness","EURUSD","2023-06-13 00:51:15.806Z",1.07618,1.07623
"exness","EURUSD","2023-06-13 00:51:15.997Z",1.07616,1.07623
"exness","EURUSD","2023-06-13 00:51:17.141Z",1.07615,1.07622
"exness","EURUSD","2023-06-13 00:51:17.222Z",1.07614,1.0762
"exness","EURUSD","2023-06-13 00:51:18.048Z",1.07613,1.07618
"exness","EURUSD","2023-06-13 00:51:18.068Z",1.07611,1.07618
"exness","EURUSD","2023-06-13 00:51:18.654Z",1.0761,1.07616
"exness","EURUSD","2023-06-13 00:51:21.665Z",1.07609,1.07615
"exness","EURUSD","2023-06-13 00:51:24.759Z",1.0761,1.07616
"exness","EURUSD","2023-06-13 00:51:33.835Z",1.07608,1.07614
"exness","EURUSD","2023-06-13 00:51:35.511Z",1.07606,1.07612
"exness","EURUSD","2023-06-13 00:51:41.792Z",1.07607,1.07613
"exness","EURUSD","2023-06-13 00:51:42.072Z",1.07609,1.07615
"exness","EURUSD","2023-06-13 00:51:42.116Z",1.0761,1.07616
"exness","EURUSD","2023-06-13 00:51:42.429Z",1.07612,1.07617
"exness","EURUSD","2023-06-13 00:51:42.448Z",1.07613,1.07619
"exness","EURUSD","2023-06-13 00:51:42.516Z",1.07615,1.0762
"exness","EURUSD","2023-06-13 00:51:43.950Z",1.07615,1.07621
"exness","EURUSD","2023-06-13 00:52:02.340Z",1.07613,1.07619
"exness","EURUSD","2023-06-13 00:52:05.031Z",1.07614,1.07621
"exness","EURUSD","2023-06-13 00:52:17.034Z",1.07616,1.07623
"exness","EURUSD","2023-06-13 00:52:18.049Z",1.07617,1.07624
"exness","EURUSD","2023-06-13 00:52:23.685Z",1.07617,1.07622
"exness","EURUSD","2023-06-13 00:52:29.044Z",1.07615,1.07621
"exness","EURUSD","2023-06-13 00:52:32.461Z",1.07613,1.0762
"exness","EURUSD","2023-06-13 00:52:35.221Z",1.07612,1.07618
"exness","EURUSD","2023-06-13 00:52:35.948Z",1.07611,1.07617
"exness","EURUSD","2023-06-13 00:52:36.951Z",1.0761,1.07615
"exness","EURUSD","2023-06-13 00:52:37.012Z",1.07608,1.07615
"exness","EURUSD","2023-06-13 00:52:37.030Z",1.07607,1.07613
"exness","EURUSD","2023-06-13 00:52:37.282Z",1.07605,1.07612
"exness","EURUSD","2023-06-13 00:52:38.604Z",1.0760399999999999,1.07611
"exness","EURUSD","2023-06-13 00:52:40.877Z",1.07603,1.07609
"exness","EURUSD","2023-06-13 00:52:51.293Z",1.07602,1.07608
"exness","EURUSD","2023-06-13 00:52:51.313Z",1.076,1.07607
"exness","EURUSD","2023-06-13 00:52:52.549Z",1.07599,1.07605
"exness","EURUSD","2023-06-13 00:53:00.822Z",1.07598,1.0760399999999999
"exness","EURUSD","2023-06-13 00:53:02.642Z",1.076,1.07606
"exness","EURUSD","2023-06-13 00:53:05.095Z",1.07599,1.07605
"exness","EURUSD","2023-06-13 00:53:10.108Z",1.076,1.07605
"exness","EURUSD","2023-06-13 00:53:13.516Z",1.07599,1.07605
"exness","EURUSD","2023-06-13 00:53:14.269Z",1.07601,1.07607
"exness","EURUSD","2023-06-13 00:53:18.490Z",1.07602,1.07607
"exness","EURUSD","2023-06-13 00:53:19.434Z",1.076,1.07607
"exness","EURUSD","2023-06-13 00:53:20.376Z",1.07602,1.07608
"exness","EURUSD","2023-06-13 00:53:23.141Z",1.07602,1.07607
"exness","EURUSD","2023-06-13 00:53:23.153Z",1.07601,1.07607
"exness","EURUSD","2023-06-13 00:53:23.173Z",1.07599,1.07605
"exness","EURUSD","2023-06-13 00:53:23.262Z",1.07599,1.0760399999999999
"exness","EURUSD","2023-06-13 00:53:23.283Z",1.07597,1.07603
"exness","EURUSD","2023-06-13 00:53:23.415Z",1.07596,1.07601
"exness","EURUSD","2023-06-13 00:53:24.349Z",1.07594,1.07601
"exness","EURUSD","2023-06-13 00:53:38.519Z",1.07596,1.07602
"exness","EURUSD","2023-06-13 00:53:38.537Z",1.07597,1.07603
"exness","EURUSD","2023-06-13 00:53:38.974Z",1.07599,1.0760399999999999
"exness","EURUSD","2023-06-13 00:53:39.654Z",1.07599,1.07606
"exness","EURUSD","2023-06-13 00:53:39.803Z",1.07601,1.07607
"exness","EURUSD","2023-06-13 00:53:39.824Z",1.07603,1.07609
"exness","EURUSD","2023-06-13 00:53:39.916Z",1.0760399999999999,1.0761
"exness","EURUSD","2023-06-13 00:53:40.165Z",1.07606,1.07611
"exness","EURUSD","2023-06-13 00:53:40.237Z",1.07606,1.07613
"exness","EURUSD","2023-06-13 00:53:45.862Z",1.07605,1.07611
"exness","EURUSD","2023-06-13 00:53:50.038Z",1.0760399999999999,1.0761
"exness","EURUSD","2023-06-13 00:53:52.155Z",1.07605,1.07612
"exness","EURUSD","2023-06-13 00:54:00.098Z",1.07607,1.07613
"exness","EURUSD","2023-06-13 00:54:01.104Z",1.07607,1.07612
"exness","EURUSD","2023-06-13 00:54:01.845Z",1.07607,1.07614
"exness","EURUSD","2023-06-13 00:54:02.957Z",1.07609,1.07615
"exness","EURUSD","2023-06-13 00:54:03.501Z",1.0761,1.07616
"exness","EURUSD","2023-06-13 00:54:04.884Z",1.0761,1.07615
"exness","EURUSD","2023-06-13 00:54:04.887Z",1.07611,1.07617
"exness","EURUSD","2023-06-13 00:54:05.058Z",1.0761,1.07615
"exness","EURUSD","2023-06-13 00:54:05.148Z",1.07608,1.07614
"exness","EURUSD","2023-06-13 00:54:05.819Z",1.07606,1.07613
"exness","EURUSD","2023-06-13 00:54:05.872Z",1.07605,1.07611
"exness","EURUSD","2023-06-13 00:54:08.382Z",1.0760399999999999,1.07609
"exness","EURUSD","2023-06-13 00:54:17.539Z",1.07605,1.07612
"exness","EURUSD","2023-06-13 00:54:35.764Z",1.07607,1.07614
"exness","EURUSD","2023-06-13 00:54:36.766Z",1.07608,1.07615
"exness","EURUSD","2023-06-13 00:54:38.459Z",1.07606,1.07612
"exness","EURUSD","2023-06-13 00:54:39.048Z",1.0760399999999999,1.07611
"exness","EURUSD","2023-06-13 00:54:50.830Z",1.07606,1.07612
"exness","EURUSD","2023-06-13 00:54:50.843Z",1.07607,1.07614
"exness","EURUSD","2023-06-13 00:54:51.325Z",1.07606,1.07612
"exness","EURUSD","2023-06-13 00:54:51.491Z",1.07606,1.07611
"exness","EURUSD","2023-06-13 00:54:59.287Z",1.0760399999999999,1.07611
"exness","EURUSD","2023-06-13 00:54:59.740Z",1.07606,1.07612
"exness","EURUSD","2023-06-13 00:54:59.751Z",1.07608,1.07614
"exness","EURUSD","2023-06-13 00:55:00.262Z",1.07606,1.07612
"exness","EURUSD","2023-06-13 00:55:00.484Z",1.07605,1.07611
"exness","EURUSD","2023-06-13 00:55:00.947Z",1.07606,1.07612
"exness","EURUSD","2023-06-13 00:55:01.025Z",1.07608,1.07614
"exness","EURUSD","2023-06-13 00:55:01.759Z",1.07609,1.07616
"exness","EURUSD","2023-06-13 00:55:01.768Z",1.07611,1.07617
"exness","EURUSD","2023-06-13 00:55:01.824Z",1.07613,1.07619
"exness","EURUSD","2023-06-13 00:55:02.252Z",1.07614,1.07619
"exness","EURUSD","2023-06-13 00:55:04.382Z",1.07612,1.07619
"exness","EURUSD","2023-06-13 00:55:04.433Z",1.07614,1.0762
"exness","EURUSD","2023-06-13 00:55:12.650Z",1.07616,1.07622
"exness","EURUSD","2023-06-13 00:55:12.714Z",1.07617,1.07624
"exness","EURUSD","2023-06-13 00:55:12.941Z",1.07616,1.07622
"exness","EURUSD","2023-06-13 00:55:15.265Z",1.07614,1.0762
"exness","EURUSD","2023-06-13 00:55:20.602Z",1.07616,1.07622
"exness","EURUSD","2023-06-13 00:55:23.673Z",1.07615,1.0762
"exness","EURUSD","2023-06-13 00:55:25.107Z",1.07613,1.07619
"exness","EURUSD","2023-06-13 00:55:25.200Z",1.07612,1.07618
"exness","EURUSD","2023-06-13 00:55:25.651Z",1.07611,1.07616
"exness","EURUSD","2023-06-13 00:55:28.264Z",1.07613,1.07619
"exness","EURUSD","2023-06-13 00:55:36.134Z",1.07614,1.0762
"exness","EURUSD","2023-06-13 00:55:47.808Z",1.07613,1.07619
"exness","EURUSD","2023-06-13 00:55:50.038Z",1.07613,1.07618
"exness","EURUSD","2023-06-13 00:55:51.175Z",1.07611,1.07617
"exness","EURUSD","2023-06-13 00:55:52.183Z",1.07611,1.07616
"exness","EURUSD","2023-06-13 00:55:53.149Z",1.07611,1.07617
"exness","EURUSD","2023-06-13 00:56:06.645Z",1.0761,1.07616
"exness","EURUSD","2023-06-13 00:56:16.035Z",1.07612,1.07619
"exness","EURUSD","2023-06-13 00:56:17.058Z",1.07614,1.0762
"exness","EURUSD","2023-06-13 00:56:24.771Z",1.07615,1.0762
"exness","EURUSD","2023-06-13 00:56:26.099Z",1.07614,1.0762
"exness","EURUSD","2023-06-13 00:56:26.271Z",1.07613,1.07619
"exness","EURUSD","2023-06-13 00:56:26.731Z",1.07611,1.07617
"exness","EURUSD","2023-06-13 00:56:44.178Z",1.07613,1.07619
"exness","EURUSD","2023-06-13 00:56:46.529Z",1.07613,1.07618
"exness","EURUSD","2023-06-13 00:56:52.897Z",1.07611,1.07617
"exness","EURUSD","2023-06-13 00:56:53.294Z",1.07609,1.07616
"exness","EURUSD","2023-06-13 00:57:15.904Z",1.07611,1.07617
"exness","EURUSD","2023-06-13 00:57:18.462Z",1.07611,1.07616
"exness","EURUSD","2023-06-13 00:57:26.515Z",1.07611,1.07617
"exness","EURUSD","2023-06-13 00:57:31.320Z",1.07612,1.07618
"exness","EURUSD","2023-06-13 00:57:34.879Z",1.07613,1.07618
"exness","EURUSD","2023-06-13 00:57:39.358Z",1.07612,1.07618
"exness","EURUSD","2023-06-13 00:57:39.399Z",1.0761,1.07616
"exness","EURUSD","2023-06-13 00:57:42.099Z",1.07609,1.07615
"exness","EURUSD","2023-06-13 00:57:44.230Z",1.07611,1.07616
"exness","EURUSD","2023-06-13 00:57:47.859Z",1.0761,1.07616
"exness","EURUSD","2023-06-13 00:57:54.911Z",1.07609,1.07615
"exness","EURUSD","2023-06-13 00:58:09.653Z",1.07608,1.07613
"exness","EURUSD","2023-06-13 00:58:11.152Z",1.07607,1.07613
"exness","EURUSD","2023-06-13 00:58:11.514Z",1.07605,1.07611
"exness","EURUSD","2023-06-13 00:58:24.603Z",1.07605,1.0761
"exness","EURUSD","2023-06-13 00:58:34.602Z",1.07606,1.07612
"exness","EURUSD","2023-06-13 00:58:39.591Z",1.07608,1.07613
"exness","EURUSD","2023-06-13 00:58:45.470Z",1.07606,1.07612
"exness","EURUSD","2023-06-13 00:58:49.282Z",1.0760399999999999,1.0761
"exness","EURUSD","2023-06-13 00:59:29.598Z",1.07602,1.07608
"exness","EURUSD","2023-06-13 00:59:33.192Z",1.07603,1.07608
"exness","EURUSD","2023-06-13 00:59:33.717Z",1.07602,1.07608
"exness","EURUSD","2023-06-13 00:59:33.743Z",1.076,1.07607
"exness","EURUSD","2023-06-13 00:59:59.803Z",1.07602,1.07608
"exness","EURUSD","2023-06-13 01:00:00.854Z",1.07601,1.07607
"exness","EURUSD","2023-06-13 01:00:01.165Z",1.076,1.07605
"exness","EURUSD","2023-06-13 01:00:02.668Z",1.07601,1.07607
"exness","EURUSD","2023-06-13 01:00:05.242Z",1.07602,1.07608
"exness","EURUSD","2023-06-13 01:00:05.880Z",1.0760399999999999,1.07609
"exness","EURUSD","2023-06-13 01:00:06.925Z",1.07602,1.07609
"exness","EURUSD","2023-06-13 01:00:16.226Z",1.07601,1.07607
"exness","EURUSD","2023-06-13 01:00:20.093Z",1.07601,1.07606
"exness","EURUSD","2023-06-13 01:00:22.229Z",1.07599,1.07605
"exness","EURUSD","2023-06-13 01:00:33.815Z",1.07601,1.07607
"exness","EURUSD","2023-06-13 01:00:34.201Z",1.07603,1.07608
"exness","EURUSD","2023-06-13 01:00:42.215Z",1.0760399999999999,1.0761
"exness","EURUSD","2023-06-13 01:00:43.498Z",1.07603,1.07608
"exness","EURUSD","2023-06-13 01:00:48.675Z",1.07601,1.07607
"exness","EURUSD","2023-06-13 01:01:01.906Z",1.076,1.07606
"exness","EURUSD","2023-06-13 01:01:16.871Z",1.076,1.07605
"exness","EURUSD","2023-06-13 01:01:20.738Z",1.076,1.07607
"exness","EURUSD","2023-06-13 01:01:24.278Z",1.07602,1.07608
"exness","EURUSD","2023-06-13 01:01:24.376Z",1.0760399999999999,1.0761
"exness","EURUSD","2023-06-13 01:01:28.149Z",1.07605,1.0761
"exness","EURUSD","2023-06-13 01:01:34.811Z",1.07605,1.07611
"exness","EURUSD","2023-06-13 01:02:04.426Z",1.07607,1.07613
"exness","EURUSD","2023-06-13 01:02:04.505Z",1.07608,1.07614
"exness","EURUSD","2023-06-13 01:02:06.727Z",1.0761,1.07616
"exness","EURUSD","2023-06-13 01:02:43.214Z",1.07611,1.07617
"exness","EURUSD","2023-06-13 01:02:50.693Z",1.07613,1.07619
"exness","EURUSD","2023-06-13 01:02:51.318Z",1.07614,1.07621
"exness","EURUSD","2023-06-13 01:02:51.330Z",1.07616,1.07622
"exness","EURUSD","2023-06-13 01:02:51.377Z",1.07617,1.07624
"exness","EURUSD","2023-06-13 01:02:55.918Z",1.07619,1.07625
"exness","EURUSD","2023-06-13 01:03:11.984Z",1.07618,1.07624
"exness","EURUSD","2023-06-13 01:03:14.396Z",1.07617,1.07622
"exness","EURUSD","2023-06-13 01:03:16.621Z",1.07617,1.07623
"exness","EURUSD","2023-06-13 01:03:19.580Z",1.07618,1.07623
"exness","EURUSD","2023-06-13 01:03:26.022Z",1.07617,1.07623
"exness","EURUSD","2023-06-13 01:03:27.476Z",1.07618,1.07624
"exness","EURUSD","2023-06-13 01:03:31.853Z",1.07618,1.07623
"exness","EURUSD","2023-06-13 01:03:42.749Z",1.07618,1.07624
"exness","EURUSD","2023-06-13 01:03:46.945Z",1.07617,1.07623
"exness","EURUSD","2023-06-13 01:03:49.505Z",1.07614,1.07621
"exness","EURUSD","2023-06-13 01:03:49.758Z",1.07613,1.07619
"exness","EURUSD","2023-06-13 01:03:49.796Z",1.07611,1.07618
"exness","EURUSD","2023-06-13 01:03:50.733Z",1.0761,1.07616
"exness","EURUSD","2023-06-13 01:03:55.159Z",1.0761,1.07615
"exness","EURUSD","2023-06-13 01:03:56.977Z",1.0761,1.07616
"exness","EURUSD","2023-06-13 01:04:01.483Z",1.07609,1.07615
"exness","EURUSD","2023-06-13 01:04:13.442Z",1.0761,1.07617
"exness","EURUSD","2023-06-13 01:04:14.621Z",1.07612,1.07618
"exness","EURUSD","2023-06-13 01:04:18.097Z",1.07613,1.07618
"exness","EURUSD","2023-06-13 01:04:19.164Z",1.07613,1.0762
"exness","EURUSD","2023-06-13 01:04:19.195Z",1.07615,1.07621
"exness","EURUSD","2023-06-13 01:04:19.235Z",1.07617,1.07623
"exness","EURUSD","2023-06-13 01:04:41.450Z",1.07615,1.07621
"exness","EURUSD","2023-06-13 01:04:42.589Z",1.07613,1.0762
"exness","EURUSD","2023-06-13 01:04:45.283Z",1.07612,1.07619
"exness","EURUSD","2023-06-13 01:04:55.795Z",1.07614,1.0762
"exness","EURUSD","2023-06-13 01:04:57.431Z",1.07615,1.07621
"exness","EURUSD","2023-06-13 01:05:04.017Z",1.07617,1.07624
"exness","EURUSD","2023-06-13 01:05:04.160Z",1.07619,1.07625
"exness","EURUSD","2023-06-13 01:05:13.611Z",1.0762,1.07626
"exness","EURUSD","2023-06-13 01:05:16.344Z",1.07622,1.07627
"exness","EURUSD","2023-06-13 01:05:23.546Z",1.0762,1.07626
"exness","EURUSD","2023-06-13 01:05:23.614Z",1.07618,1.07624
"exness","EURUSD","2023-06-13 01:05:42.230Z",1.07617,1.07623
"exness","EURUSD","2023-06-13 01:05:48.048Z",1.07617,1.07622
"exness","EURUSD","2023-06-13 01:05:58.065Z",1.07617,1.07624
"exness","EURUSD","2023-06-13 01:05:58.094Z",1.07619,1.07625
"exness","EURUSD","2023-06-13 01:05:59.256Z",1.0762,1.07626
"exness","EURUSD","2023-06-13 01:06:11.442Z",1.07621,1.07626
"exness","EURUSD","2023-06-13 01:06:17.707Z",1.07622,1.07628
"exness","EURUSD","2023-06-13 01:06:18.741Z",1.07623,1.0763
"exness","EURUSD","2023-06-13 01:06:21.094Z",1.07626,1.07632
"exness","EURUSD","2023-06-13 01:06:21.316Z",1.07628,1.07633
"exness","EURUSD","2023-06-13 01:06:25.886Z",1.07625,1.07631
"exness","EURUSD","2023-06-13 01:06:31.317Z",1.07624,1.0763
"exness","EURUSD","2023-06-13 01:07:11.621Z",1.07622,1.07628
"exness","EURUSD","2023-06-13 01:07:12.755Z",1.07621,1.07627
"exness","EURUSD","2023-06-13 01:07:13.892Z",1.07619,1.07626
"exness","EURUSD","2023-06-13 01:07:22.056Z",1.07619,1.07624
"exness","EURUSD","2023-06-13 01:07:25.396Z",1.07621,1.07626
"exness","EURUSD","2023-06-13 01:07:29.435Z",1.07621,1.07627
"exness","EURUSD","2023-06-13 01:07:29.988Z",1.07622,1.07629
"exness","EURUSD","2023-06-13 01:07:40.691Z",1.07621,1.07627
"exness","EURUSD","2023-06-13 01:07:46.904Z",1.07623,1.07628
"exness","EURUSD","2023-06-13 01:08:07.714Z",1.07621,1.07627
"exness","EURUSD","2023-06-13 01:08:08.887Z",1.07622,1.07628
"exness","EURUSD","2023-06-13 01:08:12.231Z",1.07624,1.07629
"exness","EURUSD","2023-06-13 01:08:22.003Z",1.07623,1.0763
"exness","EURUSD","2023-06-13 01:08:45.095Z",1.07623,1.07628
"exness","EURUSD","2023-06-13 01:08:52.202Z",1.07621,1.07627
"exness","EURUSD","2023-06-13 01:08:55.402Z",1.07622,1.07628
"exness","EURUSD","2023-06-13 01:08:58.832Z",1.07622,1.07627
"exness","EURUSD","2023-06-13 01:08:59.984Z",1.07621,1.07627
"exness","EURUSD","2023-06-13 01:09:02.338Z",1.07622,1.07628
"exness","EURUSD","2023-06-13 01:09:12.064Z",1.07623,1.07629
"exness","EURUSD","2023-06-13 01:09:19.642Z",1.07622,1.07628
"exness","EURUSD","2023-06-13 01:09:19.729Z",1.0762,1.07627
"exness","EURUSD","2023-06-13 01:09:20.899Z",1.0762,1.07625
"exness","EURUSD","2023-06-13 01:09:26.040Z",1.07621,1.07628
"exness","EURUSD","2023-06-13 01:09:30.118Z",1.07623,1.07629
"exness","EURUSD","2023-06-13 01:10:05.866Z",1.07623,1.07628
"exness","EURUSD","2023-06-13 01:10:10.458Z",1.07622,1.07629
"exness","EURUSD","2023-06-13 01:10:25.236Z",1.07624,1.07629
"exness","EURUSD","2023-06-13 01:10:47.980Z",1.07625,1.07631
"exness","EURUSD","2023-06-13 01:11:01.273Z",1.07627,1.07633
"exness","EURUSD","2023-06-13 01:11:01.475Z",1.07629,1.07635
"exness","EURUSD","2023-06-13 01:11:22.639Z",1.07628,1.07634
"exness","EURUSD","2023-06-13 01:11:51.414Z",1.07627,1.07632
"exness","EURUSD","2023-06-13 01:11:51.471Z",1.07626,1.07632
"exness","EURUSD","2023-06-13 01:11:51.538Z",1.07627,1.07634
"exness","EURUSD","2023-06-13 01:11:58.766Z",1.07629,1.07634
"exness","EURUSD","2023-06-13 01:12:05.583Z",1.07627,1.07634
"exness","EURUSD","2023-06-13 01:12:07.184Z",1.07627,1.07632
"exness","EURUSD","2023-06-13 01:12:14.624Z",1.07627,1.07633
"exness","EURUSD","2023-06-13 01:13:04.511Z",1.07629,1.07634
"exness","EURUSD","2023-06-13 01:13:16.271Z",1.07627,1.07634
"exness","EURUSD","2023-06-13 01:13:32.236Z",1.07628,1.07635
"exness","EURUSD","2023-06-13 01:13:57.259Z",1.0763,1.07635
"exness","EURUSD","2023-06-13 01:14:09.154Z",1.07628,1.07634
"exness","EURUSD","2023-06-13 01:14:21.042Z",1.07629,1.07635
"exness","EURUSD","2023-06-13 01:14:37.450Z",1.07631,1.07637
"exness","EURUSD","2023-06-13 01:14:41.989Z",1.07632,1.07639
"exness","EURUSD","2023-06-13 01:14:42.639Z",1.07634,1.07639
"exness","EURUSD","2023-06-13 01:14:46.091Z",1.07632,1.07638
"exness","EURUSD","2023-06-13 01:14:46.946Z",1.07632,1.07637
"exness","EURUSD","2023-06-13 01:14:56.128Z",1.07631,1.07637
"exness","EURUSD","2023-06-13 01:15:04.265Z",1.07631,1.07636
"exness","EURUSD","2023-06-13 01:15:06.056Z",1.07632,1.07638
"exness","EURUSD","2023-06-13 01:15:09.291Z",1.07634,1.0764
"exness","EURUSD","2023-06-13 01:15:09.318Z",1.07636,1.07642
"exness","EURUSD","2023-06-13 01:15:09.894Z",1.07637,1.07642
"exness","EURUSD","2023-06-13 01:15:11.080Z",1.07637,1.07644
"exness","EURUSD","2023-06-13 01:15:15.045Z",1.07639,1.07645
"exness","EURUSD","2023-06-13 01:15:15.448Z",1.0764,1.07647
"exness","EURUSD","2023-06-13 01:15:15.456Z",1.07642,1.07648
"exness","EURUSD","2023-06-13 01:15:18.086Z",1.0764,1.07646
"exness","EURUSD","2023-06-13 01:15:20.218Z",1.07638,1.07644
"exness","EURUSD","2023-06-13 01:15:21.218Z",1.07637,1.07643
"exness","EURUSD","2023-06-13 01:15:27.033Z",1.07635,1.07642
"exness","EURUSD","2023-06-13 01:15:27.047Z",1.07634,1.0764
"exness","EURUSD","2023-06-13 01:15:31.065Z",1.07634,1.07639
"exness","EURUSD","2023-06-13 01:15:31.435Z",1.07634,1.0764
"exness","EURUSD","2023-06-13 01:15:36.113Z",1.07633,1.07638
"exness","EURUSD","2023-06-13 01:15:37.045Z",1.07633,1.0764
"exness","EURUSD","2023-06-13 01:15:40.565Z",1.07636,1.07642
"exness","EURUSD","2023-06-13 01:15:47.660Z",1.07637,1.07643
"exness","EURUSD","2023-06-13 01:15:51.440Z",1.07638,1.07644
"exness","EURUSD","2023-06-13 01:16:00.017Z",1.0764,1.07645
"exness","EURUSD","2023-06-13 01:16:05.567Z",1.07641,1.07647
"exness","EURUSD","2023-06-13 01:16:09.400Z",1.07642,1.07648
"exness","EURUSD","2023-06-13 01:16:12.460Z",1.07643,1.07649
"exness","EURUSD","2023-06-13 01:16:14.102Z",1.07644,1.0765
"exness","EURUSD","2023-06-13 01:16:17.330Z",1.07647,1.07652
"exness","EURUSD","2023-06-13 01:16:18.177Z",1.07647,1.07653
"exness","EURUSD","2023-06-13 01:16:21.638Z",1.07647,1.07652
"exness","EURUSD","2023-06-13 01:16:28.909Z",1.07647,1.07653
"exness","EURUSD","2023-06-13 01:16:52.995Z",1.07649,1.07654
"exness","EURUSD","2023-06-13 01:17:00.294Z",1.07646,1.07653
"exness","EURUSD","2023-06-13 01:17:02.209Z",1.07646,1.07651
"exness","EURUSD","2023-06-13 01:17:02.860Z",1.07646,1.07652
"exness","EURUSD","2023-06-13 01:17:02.925Z",1.07647,1.07654
"exness","EURUSD","2023-06-13 01:17:03.451Z",1.07649,1.0765500000000001
"exness","EURUSD","2023-06-13 01:17:03.464Z",1.07651,1.07657
"exness","EURUSD","2023-06-13 01:17:03.508Z",1.07653,1.07658
"exness","EURUSD","2023-06-13 01:17:05.136Z",1.07654,1.0766
"exness","EURUSD","2023-06-13 01:17:07.162Z",1.0765500000000001,1.0766
"exness","EURUSD","2023-06-13 01:17:15.305Z",1.07653,1.07659
"exness","EURUSD","2023-06-13 01:17:15.340Z",1.07651,1.07657
"exness","EURUSD","2023-06-13 01:17:17.051Z",1.07649,1.07656
"exness","EURUSD","2023-06-13 01:17:27.163Z",1.07651,1.07657
"exness","EURUSD","2023-06-13 01:17:27.862Z",1.07653,1.07659
"exness","EURUSD","2023-06-13 01:17:32.737Z",1.07651,1.07657
"exness","EURUSD","2023-06-13 01:17:33.861Z",1.0765,1.07656
"exness","EURUSD","2023-06-13 01:17:42.103Z",1.07648,1.07654
"exness","EURUSD","2023-06-13 01:17:42.981Z",1.07647,1.07653
"exness","EURUSD","2023-06-13 01:17:43.029Z",1.07645,1.07651
"exness","EURUSD","2023-06-13 01:17:46.171Z",1.07644,1.07649
"exness","EURUSD","2023-06-13 01:17:46.190Z",1.07643,1.07649
"exness","EURUSD","2023-06-13 01:17:46.495Z",1.07642,1.07647
"exness","EURUSD","2023-06-13 01:17:47.026Z",1.07643,1.07649
"exness","EURUSD","2023-06-13 01:17:49.663Z",1.07645,1.07651
"exness","EURUSD","2023-06-13 01:17:51.137Z",1.07646,1.07652
"exness","EURUSD","2023-06-13 01:17:57.319Z",1.07644,1.0765
"exness","EURUSD","2023-06-13 01:17:57.395Z",1.07643,1.07648
"exness","EURUSD","2023-06-13 01:17:59.510Z",1.07643,1.0765
"exness","EURUSD","2023-06-13 01:18:02.719Z",1.07645,1.07651
"exness","EURUSD","2023-06-13 01:18:03.493Z",1.07647,1.07652
"exness","EURUSD","2023-06-13 01:18:11.165Z",1.07644,1.07651
"exness","EURUSD","2023-06-13 01:18:12.373Z",1.07643,1.07649
"exness","EURUSD","2023-06-13 01:18:17.629Z",1.07644,1.07649
"exness","EURUSD","2023-06-13 01:18:35.221Z",1.07642,1.07648
"exness","EURUSD","2023-06-13 01:18:36.295Z",1.07643,1.07648
"exness","EURUSD","2023-06-13 01:18:40.596Z",1.07642,1.07648
"exness","EURUSD","2023-06-13 01:18:47.289Z",1.07641,1.07647
"exness","EURUSD","2023-06-13 01:18:47.517Z",1.07639,1.07645
"exness","EURUSD","2023-06-13 01:18:47.676Z",1.07638,1.07643
"exness","EURUSD","2023-06-13 01:18:53.899Z",1.07639,1.07645
"exness","EURUSD","2023-06-13 01:19:02.410Z",1.07637,1.07643
"exness","EURUSD","2023-06-13 01:19:02.502Z",1.07635,1.07642
"exness","EURUSD","2023-06-13 01:19:02.610Z",1.07634,1.0764
"exness","EURUSD","2023-06-13 01:19:03.610Z",1.07632,1.07639
"exness","EURUSD","2023-06-13 01:19:09.305Z",1.07631,1.07638
"exness","EURUSD","2023-06-13 01:19:11.021Z",1.0763,1.07636
"exness","EURUSD","2023-06-13 01:19:25.789Z",1.07628,1.07635
"exness","EURUSD","2023-06-13 01:19:40.566Z",1.07629,1.07636
"exness","EURUSD","2023-06-13 01:19:41.450Z",1.07631,1.07636
"exness","EURUSD","2023-06-13 01:19:59.444Z",1.07631,1.07638
"exness","EURUSD","2023-06-13 01:20:01.477Z",1.0763,1.07637
"exness","EURUSD","2023-06-13 01:20:05.357Z",1.0763,1.07635
"exness","EURUSD","2023-06-13 01:20:19.106Z",1.07631,1.07637
"exness","EURUSD","2023-06-13 01:20:20.089Z",1.07632,1.07637
"exness","EURUSD","2023-06-13 01:20:26.205Z",1.07632,1.07639
"exness","EURUSD","2023-06-13 01:20:54.915Z",1.07634,1.07641
"exness","EURUSD","2023-06-13 01:20:54.945Z",1.07636,1.07642
"exness","EURUSD","2023-06-13 01:20:59.668Z",1.07637,1.07643
"exness","EURUSD","2023-06-13 01:21:00.328Z",1.07638,1.07643
"exness","EURUSD","2023-06-13 01:21:03.641Z",1.07638,1.07645
"exness","EURUSD","2023-06-13 01:21:08.623Z",1.07637,1.07643
"exness","EURUSD","2023-06-13 01:21:08.748Z",1.07635,1.07642
"exness","EURUSD","2023-06-13 01:21:08.780Z",1.07635,1.0764
"exness","EURUSD","2023-06-13 01:21:08.795Z",1.07633,1.0764
"exness","EURUSD","2023-06-13 01:21:10.042Z",1.07632,1.07639
"exness","EURUSD","2023-06-13 01:21:15.934Z",1.07631,1.07636
"exness","EURUSD","2023-06-13 01:21:17.367Z",1.07629,1.07636
"exness","EURUSD","2023-06-13 01:21:17.396Z",1.07628,1.07634
"exness","EURUSD","2023-06-13 01:21:17.529Z",1.07626,1.07633
"exness","EURUSD","2023-06-13 01:21:17.660Z",1.07625,1.0763
"exness","EURUSD","2023-06-13 01:21:17.949Z",1.07624,1.07629
"exness","EURUSD","2023-06-13 01:21:18.000Z",1.07623,1.07629
"exness","EURUSD","2023-06-13 01:21:19.376Z",1.07621,1.07626
"exness","EURUSD","2023-06-13 01:21:21.188Z",1.07621,1.07627
"exness","EURUSD","2023-06-13 01:21:21.541Z",1.07623,1.07629
"exness","EURUSD","2023-06-13 01:21:21.635Z",1.07624,1.0763
"exness","EURUSD","2023-06-13 01:21:21.649Z",1.07626,1.07632
"exness","EURUSD","2023-06-13 01:21:22.081Z",1.07624,1.0763
"exness","EURUSD","2023-06-13 01:21:22.551Z",1.07623,1.07629
"exness","EURUSD","2023-06-13 01:21:22.673Z",1.07621,1.07627
"exness","EURUSD","2023-06-13 01:21:25.634Z",1.0762,1.07626
"exness","EURUSD","2023-06-13 01:21:26.865Z",1.07619,1.07624
"exness","EURUSD","2023-06-13 01:21:27.065Z",1.07617,1.07624
"exness","EURUSD","2023-06-13 01:21:27.136Z",1.07616,1.07622
"exness","EURUSD","2023-06-13 01:21:27.717Z",1.07614,1.0762
"exness","EURUSD","2023-06-13 01:21:27.788Z",1.07614,1.07619
"exness","EURUSD","2023-06-13 01:21:27.866Z",1.07612,1.07618
"exness","EURUSD","2023-06-13 01:21:28.028Z",1.07611,1.07617
"exness","EURUSD","2023-06-13 01:21:28.207Z",1.07609,1.07615
"exness","EURUSD","2023-06-13 01:21:28.692Z",1.07607,1.07614
"exness","EURUSD","2023-06-13 01:21:28.743Z",1.07606,1.07612
"exness","EURUSD","2023-06-13 01:21:28.845Z",1.07606,1.07611
"exness","EURUSD","2023-06-13 01:21:29.040Z",1.0760399999999999,1.0761
"exness","EURUSD","2023-06-13 01:21:31.700Z",1.07606,1.07611
"exness","EURUSD","2023-06-13 01:21:33.560Z",1.07607,1.07613
"exness","EURUSD","2023-06-13 01:21:36.701Z",1.07609,1.07616
"exness","EURUSD","2023-06-13 01:21:37.025Z",1.07611,1.07616
"exness","EURUSD","2023-06-13 01:21:37.163Z",1.0761,1.07616
"exness","EURUSD","2023-06-13 01:21:38.004Z",1.07608,1.07614
"exness","EURUSD","2023-06-13 01:21:38.171Z",1.07606,1.07613
"exness","EURUSD","2023-06-13 01:21:39.157Z",1.07608,1.07614
"exness","EURUSD","2023-06-13 01:21:39.216Z",1.0761,1.07615
"exness","EURUSD","2023-06-13 01:21:39.244Z",1.0761,1.07617
"exness","EURUSD","2023-06-13 01:21:39.552Z",1.0761,1.07615
"exness","EURUSD","2023-06-13 01:21:43.375Z",1.07607,1.07613
"exness","EURUSD","2023-06-13 01:21:43.611Z",1.07606,1.07612
"exness","EURUSD","2023-06-13 01:21:43.635Z",1.07605,1.0761
"exness","EURUSD","2023-06-13 01:21:43.971Z",1.0760399999999999,1.0761
"exness","EURUSD","2023-06-13 01:21:44.079Z",1.07602,1.07608
"exness","EURUSD","2023-06-13 01:21:45.064Z",1.0760399999999999,1.07609
"exness","EURUSD","2023-06-13 01:21:46.065Z",1.0760399999999999,1.0761
"exness","EURUSD","2023-06-13 01:21:46.080Z",1.07605,1.07612
"exness","EURUSD","2023-06-13 01:21:46.098Z",1.07607,1.07613
"exness","EURUSD","2023-06-13 01:21:48.998Z",1.07609,1.07615
"exness","EURUSD","2023-06-13 01:21:49.558Z",1.07607,1.07613
"exness","EURUSD","2023-06-13 01:21:51.130Z",1.07605,1.07611
"exness","EURUSD","2023-06-13 01:21:52.537Z",1.0760399999999999,1.07609
"exness","EURUSD","2023-06-13 01:21:53.050Z",1.07602,1.07609
"exness","EURUSD","2023-06-13 01:21:53.449Z",1.07602,1.07607
"exness","EURUSD","2023-06-13 01:21:53.903Z",1.07602,1.07609
"exness","EURUSD","2023-06-13 01:21:53.920Z",1.0760399999999999,1.0761
"exness","EURUSD","2023-06-13 01:21:54.053Z",1.07606,1.07611
"exness","EURUSD","2023-06-13 01:21:56.726Z",1.07603,1.07609
"exness","EURUSD","2023-06-13 01:21:58.349Z",1.07602,1.07607
"exness","EURUSD","2023-06-13 01:21:59.521Z",1.07603,1.0761
"exness","EURUSD","2023-06-13 01:22:01.522Z",1.0760399999999999,1.07609
"exness","EURUSD","2023-06-13 01:22:02.432Z",1.07605,1.07611
"exness","EURUSD","2023-06-13 01:22:04.336Z",1.0760399999999999,1.07609
"exness","EURUSD","2023-06-13 01:22:06.258Z",1.07602,1.07608
"exness","EURUSD","2023-06-13 01:22:06.370Z",1.07602,1.07607
"exness","EURUSD","2023-06-13 01:22:07.433Z",1.07602,1.07608
"exness","EURUSD","2023-06-13 01:22:08.276Z",1.07601,1.07607
"exness","EURUSD","2023-06-13 01:22:08.431Z",1.07599,1.07605
"exness","EURUSD","2023-06-13 01:22:08.528Z",1.07597,1.07603
"exness","EURUSD","2023-06-13 01:22:08.576Z",1.07597,1.07602
"exness","EURUSD","2023-06-13 01:22:08.608Z",1.07597,1.07603
"exness","EURUSD","2023-06-13 01:22:08.961Z",1.07595,1.07601
"exness","EURUSD","2023-06-13 01:22:09.567Z",1.07595,1.076
"exness","EURUSD","2023-06-13 01:22:10.596Z",1.07594,1.076
"exness","EURUSD","2023-06-13 01:22:10.729Z",1.07592,1.07599
"exness","EURUSD","2023-06-13 01:22:10.844Z",1.07592,1.07597
"exness","EURUSD","2023-06-13 01:22:11.016Z",1.0759,1.07597
"exness","EURUSD","2023-06-13 01:22:12.467Z",1.07592,1.07598
"exness","EURUSD","2023-06-13 01:22:12.640Z",1.07594,1.076
"exness","EURUSD","2023-06-13 01:22:12.970Z",1.07595,1.07601
"exness","EURUSD","2023-06-13 01:22:13.022Z",1.07597,1.07603
"exness","EURUSD","2023-06-13 01:22:13.323Z",1.07598,1.07605
"exness","EURUSD","2023-06-13 01:22:13.495Z",1.07597,1.07603
"exness","EURUSD","2023-06-13 01:22:14.408Z",1.07597,1.07602
"exness","EURUSD","2023-06-13 01:22:14.440Z",1.07595,1.07601
"exness","EURUSD","2023-06-13 01:22:15.220Z",1.07597,1.07603
"exness","EURUSD","2023-06-13 01:22:15.766Z",1.07599,1.0760399999999999
"exness","EURUSD","2023-06-13 01:22:15.978Z",1.07599,1.07605
"exness","EURUSD","2023-06-13 01:22:16.996Z",1.076,1.07607
"exness","EURUSD","2023-06-13 01:22:17.250Z",1.07602,1.07607
"exness","EURUSD","2023-06-13 01:22:23.336Z",1.07603,1.07609
"exness","EURUSD","2023-06-13 01:22:26.071Z",1.07602,1.07608
"exness","EURUSD","2023-06-13 01:22:26.097Z",1.076,1.07606
"exness","EURUSD","2023-06-13 01:22:26.159Z",1.07602,1.07608
"exness","EURUSD","2023-06-13 01:22:26.177Z",1.07603,1.0761
"exness","EURUSD","2023-06-13 01:22:26.218Z",1.07605,1.07611
"exness","EURUSD","2023-06-13 01:22:26.452Z",1.07607,1.07612
"exness","EURUSD","2023-06-13 01:22:26.497Z",1.07607,1.07613
"exness","EURUSD","2023-06-13 01:22:26.809Z",1.07609,1.07614
"exness","EURUSD","2023-06-13 01:22:28.100Z",1.0761,1.07617
"exness","EURUSD","2023-06-13 01:22:29.117Z",1.07612,1.07618
"exness","EURUSD","2023-06-13 01:22:29.820Z",1.07611,1.07616
"exness","EURUSD","2023-06-13 01:22:33.724Z",1.07612,1.07618
"exness","EURUSD","2023-06-13 01:22:34.769Z",1.07613,1.07619
"exness","EURUSD","2023-06-13 01:22:38.224Z",1.07612,1.07618
"exness","EURUSD","2023-06-13 01:22:42.325Z",1.07611,1.07617
"exness","EURUSD","2023-06-13 01:22:42.738Z",1.07609,1.07615
"exness","EURUSD","2023-06-13 01:22:51.705Z",1.07607,1.07614
"exness","EURUSD","2023-06-13 01:22:51.965Z",1.07606,1.07612
"exness","EURUSD","2023-06-13 01:22:55.169Z",1.07608,1.07614
"exness","EURUSD","2023-06-13 01:22:55.448Z",1.0761,1.07616
"exness","EURUSD","2023-06-13 01:22:57.522Z",1.07611,1.07617
"exness","EURUSD","2023-06-13 01:22:58.319Z",1.07612,1.07619
"exness","EURUSD","2023-06-13 01:22:58.587Z",1.07614,1.0762
"exness","EURUSD","2023-06-13 01:23:01.561Z",1.07616,1.07623
"exness","EURUSD","2023-06-13 01:23:01.590Z",1.07618,1.07624
"exness","EURUSD","2023-06-13 01:23:01.721Z",1.07619,1.07626
"exness","EURUSD","2023-06-13 01:23:02.481Z",1.07621,1.07627
"exness","EURUSD","2023-06-13 01:23:02.524Z",1.07623,1.07629
"exness","EURUSD","2023-06-13 01:23:02.962Z",1.07621,1.07627
"exness","EURUSD","2023-06-13 01:23:03.765Z",1.07621,1.07626
"exness","EURUSD","2023-06-13 01:23:04.625Z",1.07621,1.07628
"exness","EURUSD","2023-06-13 01:23:04.843Z",1.07621,1.07626
"exness","EURUSD","2023-06-13 01:23:07.680Z",1.07619,1.07625
"exness","EURUSD","2023-06-13 01:23:07.755Z",1.07617,1.07623
"exness","EURUSD","2023-06-13 01:23:08.326Z",1.07619,1.07624
"exness","EURUSD","2023-06-13 01:23:08.347Z",1.07619,1.07626
"exness","EURUSD","2023-06-13 01:23:08.761Z",1.07621,1.07626
"exness","EURUSD","2023-06-13 01:23:09.701Z",1.07621,1.07628
"exness","EURUSD","2023-06-13 01:23:10.139Z",1.07623,1.07629
"exness","EURUSD","2023-06-13 01:23:16.445Z",1.07624,1.0763
"exness","EURUSD","2023-06-13 01:23:21.714Z",1.07625,1.07632
"exness","EURUSD","2023-06-13 01:23:21.719Z",1.07627,1.07633
"exness","EURUSD","2023-06-13 01:23:21.743Z",1.07629,1.07635
"exness","EURUSD","2023-06-13 01:23:23.131Z",1.07627,1.07634
"exness","EURUSD","2023-06-13 01:23:23.536Z",1.07626,1.07632
"exness","EURUSD","2023-06-13 01:23:23.646Z",1.07624,1.07631
"exness","EURUSD","2023-06-13 01:23:24.547Z",1.07623,1.07629
"exness","EURUSD","2023-06-13 01:23:24.593Z",1.07621,1.07628
"exness","EURUSD","2023-06-13 01:23:25.364Z",1.07621,1.07626
"exness","EURUSD","2023-06-13 01:23:25.848Z",1.0762,1.07626
"exness","EURUSD","2023-06-13 01:23:25.858Z",1.07619,1.07624
"exness","EURUSD","2023-06-13 01:23:25.874Z",1.07618,1.07624
"exness","EURUSD","2023-06-13 01:23:25.944Z",1.07617,1.07622
"exness","EURUSD","2023-06-13 01:23:28.979Z",1.07617,1.07624
"exness","EURUSD","2023-06-13 01:23:31.904Z",1.07619,1.07625
"exness","EURUSD","2023-06-13 01:23:34.122Z",1.07621,1.07627
"exness","EURUSD","2023-06-13 01:23:34.189Z",1.07623,1.07628
"exness","EURUSD","2023-06-13 01:23:34.206Z",1.07623,1.0763
"exness","EURUSD","2023-06-13 01:23:34.219Z",1.07625,1.0763
"exness","EURUSD","2023-06-13 01:23:36.459Z",1.07624,1.07631
"exness","EURUSD","2023-06-13 01:23:37.468Z",1.07626,1.07632
"exness","EURUSD","2023-06-13 01:23:37.479Z",1.07627,1.07633
"exness","EURUSD","2023-06-13 01:23:37.802Z",1.07629,1.07634
"exness","EURUSD","2023-06-13 01:23:43.423Z",1.07627,1.07633
"exness","EURUSD","2023-06-13 01:23:43.433Z",1.07625,1.07632
"exness","EURUSD","2023-06-13 01:23:43.624Z",1.07624,1.0763
"exness","EURUSD","2023-06-13 01:23:44.645Z",1.07625,1.07631
"exness","EURUSD","2023-06-13 01:23:54.104Z",1.07623,1.0763
"exness","EURUSD","2023-06-13 01:23:57.753Z",1.07625,1.0763
"exness","EURUSD","2023-06-13 01:23:58.838Z",1.07623,1.07629
"exness","EURUSD","2023-06-13 01:23:58.886Z",1.07623,1.07628
"exness","EURUSD","2023-06-13 01:23:59.145Z",1.07623,1.0763
"exness","EURUSD","2023-06-13 01:24:00.309Z",1.07625,1.07631
"exness","EURUSD","2023-06-13 01:24:02.578Z",1.07626,1.07631
"exness","EURUSD","2023-06-13 01:24:04.741Z",1.07625,1.07631
"exness","EURUSD","2023-06-13 01:24:04.798Z",1.07623,1.07629
"exness","EURUSD","2023-06-13 01:24:05.047Z",1.07622,1.07628
"exness","EURUSD","2023-06-13 01:24:11.019Z",1.0762,1.07626
"exness","EURUSD","2023-06-13 01:24:14.032Z",1.07619,1.07625
"exness","EURUSD","2023-06-13 01:24:14.099Z",1.0762,1.07626
"exness","EURUSD","2023-06-13 01:24:15.854Z",1.07618,1.07624
"exness","EURUSD","2023-06-13 01:24:28.305Z",1.07617,1.07623
"exness","EURUSD","2023-06-13 01:24:29.838Z",1.07618,1.07624
"exness","EURUSD","2023-06-13 01:24:33.311Z",1.07619,1.07624
"exness","EURUSD","2023-06-13 01:24:39.741Z",1.07618,1.07624
"exness","EURUSD","2023-06-13 01:24:40.764Z",1.07617,1.07623
"exness","EURUSD","2023-06-13 01:24:44.305Z",1.07615,1.07621
"exness","EURUSD","2023-06-13 01:24:44.364Z",1.07613,1.07619
"exness","EURUSD","2023-06-13 01:24:45.045Z",1.07612,1.07618
"exness","EURUSD","2023-06-13 01:24:45.786Z",1.07613,1.07619
"exness","EURUSD","2023-06-13 01:24:48.101Z",1.07615,1.0762
"exness","EURUSD","2023-06-13 01:24:50.446Z",1.07615,1.07621
"exness","EURUSD","2023-06-13 01:24:51.462Z",1.07616,1.07622
"exness","EURUSD","2023-06-13 01:24:52.061Z",1.07618,1.07624
"exness","EURUSD","2023-06-13 01:24:52.911Z",1.0762,1.07625
"exness","EURUSD","2023-06-13 01:24:54.518Z",1.07618,1.07625
"exness","EURUSD","2023-06-13 01:24:58.167Z",1.07617,1.07623
"exness","EURUSD","2023-06-13 01:25:02.377Z",1.07618,1.07624
"exness","EURUSD","2023-06-13 01:25:12.931Z",1.0762,1.07625
"exness","EURUSD","2023-06-13 01:25:13.961Z",1.07618,1.07624
"exness","EURUSD","2023-06-13 01:25:14.044Z",1.0762,1.07626
"exness","EURUSD","2023-06-13 01:25:14.122Z",1.07621,1.07627
"exness","EURUSD","2023-06-13 01:25:14.527Z",1.07619,1.07625
"exness","EURUSD","2023-06-13 01:25:20.273Z",1.0762,1.07626
"exness","EURUSD","2023-06-13 01:25:22.391Z",1.07622,1.07628
"exness","EURUSD","2023-06-13 01:25:22.613Z",1.07623,1.07629
"exness","EURUSD","2023-06-13 01:25:26.103Z",1.07622,1.07628
"exness","EURUSD","2023-06-13 01:25:31.163Z",1.07622,1.07627
"exness","EURUSD","2023-06-13 01:25:32.308Z",1.07622,1.07628
"exness","EURUSD","2023-06-13 01:25:35.900Z",1.07624,1.07629
"exness","EURUSD","2023-06-13 01:25:42.427Z",1.07622,1.07629
"exness","EURUSD","2023-06-13 01:25:43.928Z",1.0762,1.07627
"exness","EURUSD","2023-06-13 01:25:46.406Z",1.07622,1.07627
"exness","EURUSD","2023-06-13 01:25:46.583Z",1.07621,1.07627
"exness","EURUSD","2023-06-13 01:25:47.414Z",1.07619,1.07625
"exness","EURUSD","2023-06-13 01:25:51.044Z",1.0762,1.07627
"exness","EURUSD","2023-06-13 01:25:51.064Z",1.07622,1.07628
"exness","EURUSD","2023-06-13 01:25:51.220Z",1.07623,1.07628
"exness","EURUSD","2023-06-13 01:25:55.429Z",1.07622,1.07628
"exness","EURUSD","2023-06-13 01:25:55.916Z",1.07624,1.0763
"exness","EURUSD","2023-06-13 01:25:55.984Z",1.07625,1.07631
"exness","EURUSD","2023-06-13 01:25:58.191Z",1.07627,1.07632
"exness","EURUSD","2023-06-13 01:25:58.414Z",1.07625,1.07631
"exness","EURUSD","2023-06-13 01:25:58.635Z",1.07625,1.0763
"exness","EURUSD","2023-06-13 01:26:00.271Z",1.07623,1.07629
"exness","EURUSD","2023-06-13 01:26:00.995Z",1.07623,1.07628
"exness","EURUSD","2023-06-13 01:26:03.098Z",1.07625,1.0763
"exness","EURUSD","2023-06-13 01:26:06.686Z",1.07623,1.07629
"exness","EURUSD","2023-06-13 01:26:12.089Z",1.07625,1.0763
"exness","EURUSD","2023-06-13 01:26:12.439Z",1.07626,1.07632
"exness","EURUSD","2023-06-13 01:26:12.529Z",1.07627,1.07634
"exness","EURUSD","2023-06-13 01:26:12.615Z",1.07629,1.07634
"exness","EURUSD","2023-06-13 01:26:28.915Z",1.07627,1.07633
"exness","EURUSD","2023-06-13 01:26:33.546Z",1.07624,1.07631
"exness","EURUSD","2023-06-13 01:26:37.285Z",1.07623,1.0763
"exness","EURUSD","2023-06-13 01:26:41.831Z",1.07624,1.07631
"exness","EURUSD","2023-06-13 01:26:48.733Z",1.07623,1.0763
"exness","EURUSD","2023-06-13 01:26:49.491Z",1.07622,1.07628
"exness","EURUSD","2023-06-13 01:26:49.867Z",1.07623,1.0763
"exness","EURUSD","2023-06-13 01:26:58.857Z",1.07622,1.07628
"exness","EURUSD","2023-06-13 01:27:07.564Z",1.07621,1.07627
"exness","EURUSD","2023-06-13 01:27:08.392Z",1.07622,1.07627
"exness","EURUSD","2023-06-13 01:27:08.471Z",1.07623,1.07629
"exness","EURUSD","2023-06-13 01:27:16.117Z",1.07622,1.07628
"exness","EURUSD","2023-06-13 01:27:31.872Z",1.07623,1.07629
"exness","EURUSD","2023-06-13 01:27:40.012Z",1.07624,1.07629
"exness","EURUSD","2023-06-13 01:27:50.689Z",1.07622,1.07629
"exness","EURUSD","2023-06-13 01:27:54.547Z",1.07624,1.0763
"exness","EURUSD","2023-06-13 01:27:55.102Z",1.07625,1.07631
"exness","EURUSD","2023-06-13 01:28:00.517Z",1.07627,1.07632
"exness","EURUSD","2023-06-13 01:28:02.854Z",1.07627,1.07633
"exness","EURUSD","2023-06-13 01:28:03.021Z",1.07629,1.07635
"exness","EURUSD","2023-06-13 01:28:03.121Z",1.0763,1.07636
"exness","EURUSD","2023-06-13 01:28:05.830Z",1.07633,1.07638
"exness","EURUSD","2023-06-13 01:28:06.415Z",1.07633,1.07639
"exness","EURUSD","2023-06-13 01:28:08.648Z",1.07635,1.0764
"exness","EURUSD","2023-06-13 01:28:12.054Z",1.07635,1.07641
"exness","EURUSD","2023-06-13 01:28:12.154Z",1.07637,1.07643
"exness","EURUSD","2023-06-13 01:28:12.921Z",1.07638,1.07644
"exness","EURUSD","2023-06-13 01:28:13.012Z",1.0764,1.07645
"exness","EURUSD","2023-06-13 01:28:13.031Z",1.0764,1.07647
"exness","EURUSD","2023-06-13 01:28:13.060Z",1.07642,1.07648
"exness","EURUSD","2023-06-13 01:28:14.083Z",1.0764,1.07647
"exness","EURUSD","2023-06-13 01:28:17.660Z",1.07642,1.07648
"exness","EURUSD","2023-06-13 01:28:18.557Z",1.07643,1.07648
"exness","EURUSD","2023-06-13 01:28:21.170Z",1.07643,1.07649
"exness","EURUSD","2023-06-13 01:28:24.912Z",1.07644,1.0765
"exness","EURUSD","2023-06-13 01:28:52.663Z",1.07642,1.07648
"exness","EURUSD","2023-06-13 01:28:55.605Z",1.07644,1.0765
"exness","EURUSD","2023-06-13 01:29:33.766Z",1.07645,1.0765
"exness","EURUSD","2023-06-13 01:29:35.795Z",1.07643,1.07649
"exness","EURUSD","2023-06-13 01:29:35.848Z",1.07642,1.07648
"exness","EURUSD","2023-06-13 01:29:43.328Z",1.07643,1.07649
"exness","EURUSD","2023-06-13 01:29:48.681Z",1.07645,1.0765
"exness","EURUSD","2023-06-13 01:29:57.611Z",1.07646,1.07652
"exness","EURUSD","2023-06-13 01:29:58.128Z",1.07647,1.07653
"exness","EURUSD","2023-06-13 01:29:59.641Z",1.07645,1.07652
"exness","EURUSD","2023-06-13 01:29:59.960Z",1.07644,1.0765
"exness","EURUSD","2023-06-13 01:30:02.310Z",1.07645,1.07652
"exness","EURUSD","2023-06-13 01:30:02.420Z",1.07647,1.07653
"exness","EURUSD","2023-06-13 01:30:04.775Z",1.07646,1.07652
"exness","EURUSD","2023-06-13 01:30:05.193Z",1.07645,1.0765
"exness","EURUSD","2023-06-13 01:30:06.698Z",1.07643,1.07649
"exness","EURUSD","2023-06-13 01:30:15.178Z",1.07644,1.0765
"exness","EURUSD","2023-06-13 01:30:17.867Z",1.07642,1.07648
"exness","EURUSD","2023-06-13 01:30:21.571Z",1.07641,1.07647
"exness","EURUSD","2023-06-13 01:30:25.233Z",1.07639,1.07645
"exness","EURUSD","2023-06-13 01:30:25.252Z",1.07637,1.07643
"exness","EURUSD","2023-06-13 01:30:28.058Z",1.07637,1.07642
"exness","EURUSD","2023-06-13 01:30:30.092Z",1.07637,1.07644
"exness","EURUSD","2023-06-13 01:30:32.245Z",1.07639,1.07645
"exness","EURUSD","2023-06-13 01:30:33.117Z",1.0764,1.07647
"exness","EURUSD","2023-06-13 01:30:33.582Z",1.07642,1.07648
"exness","EURUSD","2023-06-13 01:30:36.324Z",1.07644,1.07649
"exness","EURUSD","2023-06-13 01:30:53.416Z",1.07642,1.07648
"exness","EURUSD","2023-06-13 01:30:55.444Z",1.07641,1.07646
"exness","EURUSD","2023-06-13 01:30:58.000Z",1.07642,1.07648
"exness","EURUSD","2023-06-13 01:30:58.034Z",1.07644,1.0765
"exness","EURUSD","2023-06-13 01:30:58.183Z",1.07645,1.07652
"exness","EURUSD","2023-06-13 01:30:58.196Z",1.07647,1.07652
"exness","EURUSD","2023-06-13 01:30:59.247Z",1.07647,1.07653
"exness","EURUSD","2023-06-13 01:31:03.706Z",1.07648,1.0765500000000001
"exness","EURUSD","2023-06-13 01:31:03.737Z",1.0765,1.07656
"exness","EURUSD","2023-06-13 01:31:03.752Z",1.07651,1.07658
"exness","EURUSD","2023-06-13 01:31:03.801Z",1.07653,1.07659
"exness","EURUSD","2023-06-13 01:31:10.917Z",1.07652,1.07658
"exness","EURUSD","2023-06-13 01:31:11.971Z",1.07652,1.07657
"exness","EURUSD","2023-06-13 01:31:14.157Z",1.07652,1.07658
"exness","EURUSD","2023-06-13 01:31:22.452Z",1.07653,1.07659
"exness","EURUSD","2023-06-13 01:31:23.357Z",1.0765500000000001,1.07661
"exness","EURUSD","2023-06-13 01:31:23.450Z",1.07656,1.07662
"exness","EURUSD","2023-06-13 01:31:32.221Z",1.07658,1.07664
"exness","EURUSD","2023-06-13 01:31:36.817Z",1.0765500000000001,1.07661
"exness","EURUSD","2023-06-13 01:31:39.709Z",1.0765500000000001,1.0766
"exness","EURUSD","2023-06-13 01:31:41.771Z",1.0765500000000001,1.07662
"exness","EURUSD","2023-06-13 01:31:47.760Z",1.07654,1.07661
"exness","EURUSD","2023-06-13 01:31:47.807Z",1.07653,1.07659
"exness","EURUSD","2023-06-13 01:31:47.846Z",1.07651,1.07657
"exness","EURUSD","2023-06-13 01:31:52.242Z",1.07653,1.07659
"exness","EURUSD","2023-06-13 01:31:56.696Z",1.07654,1.07661
"exness","EURUSD","2023-06-13 01:31:56.869Z",1.07656,1.07661
"exness","EURUSD","2023-06-13 01:31:57.312Z",1.07657,1.07663
"exness","EURUSD","2023-06-13 01:31:58.770Z",1.07658,1.07663
"exness","EURUSD","2023-06-13 01:32:01.188Z",1.07659,1.0766499999999999
"exness","EURUSD","2023-06-13 01:32:11.675Z",1.07657,1.07664
"exness","EURUSD","2023-06-13 01:32:15.622Z",1.07656,1.07662
"exness","EURUSD","2023-06-13 01:32:18.154Z",1.07656,1.07661
"exness","EURUSD","2023-06-13 01:32:26.858Z",1.07657,1.07664
"exness","EURUSD","2023-06-13 01:32:27.485Z",1.07659,1.07664
"exness","EURUSD","2023-06-13 01:32:30.103Z",1.0766,1.07666
"exness","EURUSD","2023-06-13 01:32:30.118Z",1.07662,1.07668
"exness","EURUSD","2023-06-13 01:32:30.164Z",1.07663,1.0767
"exness","EURUSD","2023-06-13 01:32:31.171Z",1.0766499999999999,1.0767
"exness","EURUSD","2023-06-13 01:32:31.781Z",1.07663,1.07669
"exness","EURUSD","2023-06-13 01:32:31.827Z",1.07661,1.07668
"exness","EURUSD","2023-06-13 01:32:31.894Z",1.0766,1.07666
"exness","EURUSD","2023-06-13 01:32:32.828Z",1.0766,1.0766499999999999
"exness","EURUSD","2023-06-13 01:32:38.835Z",1.07658,1.07664
"exness","EURUSD","2023-06-13 01:32:43.771Z",1.07659,1.07666
"exness","EURUSD","2023-06-13 01:32:44.009Z",1.07661,1.07667
"exness","EURUSD","2023-06-13 01:32:45.184Z",1.07662,1.07668
"exness","EURUSD","2023-06-13 01:32:47.341Z",1.07663,1.07668
"exness","EURUSD","2023-06-13 01:32:50.685Z",1.0766499999999999,1.0767
"exness","EURUSD","2023-06-13 01:32:56.601Z",1.07663,1.07669
"exness","EURUSD","2023-06-13 01:33:02.366Z",1.0766499999999999,1.07671
"exness","EURUSD","2023-06-13 01:33:09.050Z",1.07666,1.07673
"exness","EURUSD","2023-06-13 01:33:10.284Z",1.0766499999999999,1.07671
"exness","EURUSD","2023-06-13 01:33:13.935Z",1.07666,1.07672
"exness","EURUSD","2023-06-13 01:33:14.143Z",1.07668,1.07674
"exness","EURUSD","2023-06-13 01:33:14.253Z",1.0767,1.07675
"exness","EURUSD","2023-06-13 01:33:14.899Z",1.0767,1.07676
"exness","EURUSD","2023-06-13 01:33:15.032Z",1.07672,1.07678
"exness","EURUSD","2023-06-13 01:33:16.183Z",1.07673,1.07679
"exness","EURUSD","2023-06-13 01:33:20.541Z",1.07671,1.07677
"exness","EURUSD","2023-06-13 01:33:21.549Z",1.07672,1.07677
"exness","EURUSD","2023-06-13 01:33:30.524Z",1.07669,1.07675
"exness","EURUSD","2023-06-13 01:33:32.308Z",1.07668,1.07674
"exness","EURUSD","2023-06-13 01:33:40.831Z",1.07669,1.07675
"exness","EURUSD","2023-06-13 01:33:43.606Z",1.07671,1.07677
"exness","EURUSD","2023-06-13 01:33:43.652Z",1.07672,1.07678
"exness","EURUSD","2023-06-13 01:33:45.726Z",1.07671,1.07677
"exness","EURUSD","2023-06-13 01:33:46.745Z",1.0767,1.07676
"exness","EURUSD","2023-06-13 01:34:00.043Z",1.07671,1.07677
"exness","EURUSD","2023-06-13 01:34:04.251Z",1.07669,1.07675
"exness","EURUSD","2023-06-13 01:34:10.250Z",1.07671,1.07677
"exness","EURUSD","2023-06-13 01:34:21.566Z",1.0767,1.07676
"exness","EURUSD","2023-06-13 01:34:22.230Z",1.0767,1.07675
"exness","EURUSD","2023-06-13 01:34:26.892Z",1.07668,1.07674
"exness","EURUSD","2023-06-13 01:34:29.043Z",1.0767,1.07675
"exness","EURUSD","2023-06-13 01:34:36.642Z",1.07671,1.07677
"exness","EURUSD","2023-06-13 01:34:36.712Z",1.07672,1.07679
"exness","EURUSD","2023-06-13 01:34:39.451Z",1.07674,1.07679
"exness","EURUSD","2023-06-13 01:34:40.878Z",1.07672,1.07678
"exness","EURUSD","2023-06-13 01:34:42.841Z",1.07671,1.07677
"exness","EURUSD","2023-06-13 01:34:43.079Z",1.07669,1.07675
"exness","EURUSD","2023-06-13 01:34:47.196Z",1.07667,1.07673
"exness","EURUSD","2023-06-13 01:34:47.249Z",1.0766499999999999,1.07671
"exness","EURUSD","2023-06-13 01:34:52.490Z",1.07664,1.0767
"exness","EURUSD","2023-06-13 01:34:59.855Z",1.07666,1.07672
"exness","EURUSD","2023-06-13 01:35:00.043Z",1.07667,1.07672
"exness","EURUSD","2023-06-13 01:35:00.127Z",1.07668,1.07674
"exness","EURUSD","2023-06-13 01:35:00.219Z",1.07669,1.07676
"exness","EURUSD","2023-06-13 01:35:00.270Z",1.07671,1.07677
"exness","EURUSD","2023-06-13 01:35:01.748Z",1.07671,1.07676
"exness","EURUSD","2023-06-13 01:35:03.721Z",1.0767,1.07676
"exness","EURUSD","2023-06-13 01:35:09.738Z",1.07668,1.07674
"exness","EURUSD","2023-06-13 01:35:17.473Z",1.07667,1.07673
"exness","EURUSD","2023-06-13 01:35:30.205Z",1.07669,1.07675
"exness","EURUSD","2023-06-13 01:35:31.013Z",1.0767,1.07677
"exness","EURUSD","2023-06-13 01:35:31.569Z",1.07672,1.07678
"exness","EURUSD","2023-06-13 01:35:42.337Z",1.07673,1.07679
"exness","EURUSD","2023-06-13 01:36:01.414Z",1.07673,1.07678
"exness","EURUSD","2023-06-13 01:36:02.607Z",1.07673,1.07679
"exness","EURUSD","2023-06-13 01:36:09.886Z",1.07674,1.07679
"exness","EURUSD","2023-06-13 01:36:20.330Z",1.07673,1.07679
"exness","EURUSD","2023-06-13 01:36:20.525Z",1.07671,1.07677
"exness","EURUSD","2023-06-13 01:36:23.635Z",1.0767,1.07675
"exness","EURUSD","2023-06-13 01:36:27.833Z",1.07669,1.07675
"exness","EURUSD","2023-06-13 01:36:43.676Z",1.07668,1.07674
"exness","EURUSD","2023-06-13 01:36:45.667Z",1.07669,1.07676
"exness","EURUSD","2023-06-13 01:36:45.738Z",1.07671,1.07677
"exness","EURUSD","2023-06-13 01:36:45.764Z",1.07673,1.07679
"exness","EURUSD","2023-06-13 01:36:46.994Z",1.07674,1.0768
"exness","EURUSD","2023-06-13 01:36:51.821Z",1.07671,1.07678
"exness","EURUSD","2023-06-13 01:36:51.850Z",1.07673,1.07679
"exness","EURUSD","2023-06-13 01:36:52.940Z",1.07674,1.07679
"exness","EURUSD","2023-06-13 01:36:57.448Z",1.07675,1.07682
"exness","EURUSD","2023-06-13 01:36:57.529Z",1.07677,1.07683
"exness","EURUSD","2023-06-13 01:36:57.594Z",1.07678,1.07683
"exness","EURUSD","2023-06-13 01:36:58.451Z",1.07679,1.07685
"exness","EURUSD","2023-06-13 01:36:58.595Z",1.0768,1.07686
"exness","EURUSD","2023-06-13 01:37:00.867Z",1.07679,1.07685
"exness","EURUSD","2023-06-13 01:37:05.051Z",1.07679,1.07684
"exness","EURUSD","2023-06-13 01:37:06.747Z",1.07677,1.07683
"exness","EURUSD","2023-06-13 01:37:07.252Z",1.07677,1.07682
"exness","EURUSD","2023-06-13 01:37:07.791Z",1.07677,1.07683
"exness","EURUSD","2023-06-13 01:37:10.633Z",1.07675,1.07682
"exness","EURUSD","2023-06-13 01:37:12.053Z",1.07673,1.0768
"exness","EURUSD","2023-06-13 01:37:13.915Z",1.07672,1.07678
"exness","EURUSD","2023-06-13 01:37:14.940Z",1.07672,1.07677
"exness","EURUSD","2023-06-13 01:37:20.246Z",1.07672,1.07679
"exness","EURUSD","2023-06-13 01:37:23.618Z",1.07672,1.07677
"exness","EURUSD","2023-06-13 01:37:24.932Z",1.07672,1.07679
"exness","EURUSD","2023-06-13 01:37:36.178Z",1.0767,1.07676
"exness","EURUSD","2023-06-13 01:37:46.017Z",1.07669,1.07675
"exness","EURUSD","2023-06-13 01:37:46.039Z",1.07667,1.07673
"exness","EURUSD","2023-06-13 01:37:47.117Z",1.07666,1.07672
"exness","EURUSD","2023-06-13 01:37:55.740Z",1.07664,1.0767
"exness","EURUSD","2023-06-13 01:37:55.898Z",1.07663,1.07668
"exness","EURUSD","2023-06-13 01:38:00.431Z",1.07663,1.07669
"exness","EURUSD","2023-06-13 01:38:06.248Z",1.07661,1.07667
"exness","EURUSD","2023-06-13 01:38:07.497Z",1.07662,1.07668
"exness","EURUSD","2023-06-13 01:38:10.301Z",1.07663,1.07669
"exness","EURUSD","2023-06-13 01:38:28.160Z",1.07662,1.07668
"exness","EURUSD","2023-06-13 01:38:28.515Z",1.0766,1.07666
"exness","EURUSD","2023-06-13 01:38:29.049Z",1.07658,1.0766499999999999
"exness","EURUSD","2023-06-13 01:38:33.233Z",1.07658,1.07663
"exness","EURUSD","2023-06-13 01:38:34.842Z",1.07659,1.0766499999999999
"exness","EURUSD","2023-06-13 01:38:34.881Z",1.0766,1.07667
"exness","EURUSD","2023-06-13 01:38:37.125Z",1.0766,1.0766499999999999
"exness","EURUSD","2023-06-13 01:38:41.620Z",1.07661,1.07667
"exness","EURUSD","2023-06-13 01:38:52.220Z",1.0766,1.07666
"exness","EURUSD","2023-06-13 01:38:55.867Z",1.07658,1.07664
"exness","EURUSD","2023-06-13 01:39:01.772Z",1.07656,1.07662
"exness","EURUSD","2023-06-13 01:39:02.083Z",1.07654,1.07661
"exness","EURUSD","2023-06-13 01:39:04.467Z",1.07656,1.07661
"exness","EURUSD","2023-06-13 01:39:08.821Z",1.07657,1.07663
"exness","EURUSD","2023-06-13 01:39:12.167Z",1.07657,1.07662
"exness","EURUSD","2023-06-13 01:39:24.690Z",1.07657,1.07664
"exness","EURUSD","2023-06-13 01:39:25.697Z",1.07657,1.07662
"exness","EURUSD","2023-06-13 01:39:28.379Z",1.07656,1.07662
"exness","EURUSD","2023-06-13 01:39:30.187Z",1.07654,1.07659
"exness","EURUSD","2023-06-13 01:39:31.195Z",1.07653,1.07659
"exness","EURUSD","2023-06-13 01:39:40.949Z",1.07654,1.0766
"exness","EURUSD","2023-06-13 01:39:41.610Z",1.07656,1.07662
"exness","EURUSD","2023-06-13 01:39:41.672Z",1.07657,1.07664
"exness","EURUSD","2023-06-13 01:39:43.131Z",1.07659,1.07664
"exness","EURUSD","2023-06-13 01:39:45.794Z",1.07657,1.07664
"exness","EURUSD","2023-06-13 01:39:51.869Z",1.07659,1.0766499999999999
"exness","EURUSD","2023-06-13 01:40:00.630Z",1.07657,1.07663
"exness","EURUSD","2023-06-13 01:40:02.486Z",1.07656,1.07661
"exness","EURUSD","2023-06-13 01:40:02.539Z",1.0765500000000001,1.07661
"exness","EURUSD","2023-06-13 01:40:03.121Z",1.07656,1.07662
"exness","EURUSD","2023-06-13 01:40:04.229Z",1.07658,1.07664
"exness","EURUSD","2023-06-13 01:40:14.637Z",1.07656,1.07662
"exness","EURUSD","2023-06-13 01:40:18.732Z",1.0765500000000001,1.07661
"exness","EURUSD","2023-06-13 01:40:27.826Z",1.07653,1.07659
"exness","EURUSD","2023-06-13 01:40:49.679Z",1.07652,1.07657
"exness","EURUSD","2023-06-13 01:40:50.739Z",1.07652,1.07658
"exness","EURUSD","2023-06-13 01:41:00.622Z",1.07652,1.07657
"exness","EURUSD","2023-06-13 01:41:00.754Z",1.0765,1.07657
"exness","EURUSD","2023-06-13 01:41:00.825Z",1.07649,1.0765500000000001
"exness","EURUSD","2023-06-13 01:41:01.637Z",1.07647,1.07653
"exness","EURUSD","2023-06-13 01:41:02.633Z",1.07646,1.07652
"exness","EURUSD","2023-06-13 01:41:02.845Z",1.07645,1.0765
"exness","EURUSD","2023-06-13 01:41:02.904Z",1.07643,1.0765
"exness","EURUSD","2023-06-13 01:41:03.716Z",1.07645,1.07651
"exness","EURUSD","2023-06-13 01:41:05.806Z",1.07647,1.07653
"exness","EURUSD","2023-06-13 01:41:10.123Z",1.07648,1.07654
"exness","EURUSD","2023-06-13 01:41:10.381Z",1.07649,1.07654
"exness","EURUSD","2023-06-13 01:41:11.016Z",1.0765,1.07656
"exness","EURUSD","2023-06-13 01:41:12.088Z",1.07651,1.07657
"exness","EURUSD","2023-06-13 01:41:12.575Z",1.07653,1.07658
"exness","EURUSD","2023-06-13 01:41:14.628Z",1.0765,1.07657
"exness","EURUSD","2023-06-13 01:41:14.895Z",1.0765,1.0765500000000001
"exness","EURUSD","2023-06-13 01:41:17.580Z",1.07649,1.0765500000000001
"exness","EURUSD","2023-06-13 01:41:42.672Z",1.07651,1.07657
"exness","EURUSD","2023-06-13 01:41:43.579Z",1.07652,1.07657
"exness","EURUSD","2023-06-13 01:41:43.805Z",1.07653,1.07659
"exness","EURUSD","2023-06-13 01:41:59.216Z",1.07654,1.0766
"exness","EURUSD","2023-06-13 01:42:00.084Z",1.0765500000000001,1.07662
"exness","EURUSD","2023-06-13 01:42:04.236Z",1.07657,1.07662
"exness","EURUSD","2023-06-13 01:42:09.142Z",1.0765500000000001,1.07661
"exness","EURUSD","2023-06-13 01:42:12.524Z",1.07653,1.07659
"exness","EURUSD","2023-06-13 01:42:12.758Z",1.07653,1.07658
"exness","EURUSD","2023-06-13 01:42:16.309Z",1.07654,1.0766
"exness","EURUSD","2023-06-13 01:42:19.341Z",1.0765500000000001,1.07661
"exness","EURUSD","2023-06-13 01:42:19.394Z",1.07656,1.07661
"exness","EURUSD","2023-06-13 01:42:20.678Z",1.07657,1.07663
"exness","EURUSD","2023-06-13 01:42:22.913Z",1.07657,1.07662
"exness","EURUSD","2023-06-13 01:42:26.827Z",1.0765500000000001,1.07661
"exness","EURUSD","2023-06-13 01:42:27.297Z",1.07653,1.0766
"exness","EURUSD","2023-06-13 01:42:29.569Z",1.07652,1.07659
"exness","EURUSD","2023-06-13 01:42:33.994Z",1.07654,1.0766
"exness","EURUSD","2023-06-13 01:42:41.985Z",1.07656,1.07662
"exness","EURUSD","2023-06-13 01:42:46.203Z",1.07657,1.07662
"exness","EURUSD","2023-06-13 01:42:49.428Z",1.07657,1.07663
"exness","EURUSD","2023-06-13 01:42:51.629Z",1.07659,1.07664
"exness","EURUSD","2023-06-13 01:42:56.609Z",1.07658,1.07664
"exness","EURUSD","2023-06-13 01:43:00.281Z",1.07656,1.07663
"exness","EURUSD","2023-06-13 01:43:08.228Z",1.0765500000000001,1.07661
"exness","EURUSD","2023-06-13 01:43:14.543Z",1.07653,1.07659
"exness","EURUSD","2023-06-13 01:43:14.966Z",1.07652,1.07657
"exness","EURUSD","2023-06-13 01:43:19.697Z",1.0765,1.07657
"exness","EURUSD","2023-06-13 01:43:19.791Z",1.07649,1.0765500000000001
"exness","EURUSD","2023-06-13 01:43:21.593Z",1.0765,1.07656
"exness","EURUSD","2023-06-13 01:43:45.206Z",1.07649,1.0765500000000001
"exness","EURUSD","2023-06-13 01:43:54.055Z",1.07647,1.07653
"exness","EURUSD","2023-06-13 01:43:55.128Z",1.07648,1.07654
"exness","EURUSD","2023-06-13 01:43:59.084Z",1.07647,1.07653
"exness","EURUSD","2023-06-13 01:44:06.503Z",1.07645,1.07651
"exness","EURUSD","2023-06-13 01:44:06.796Z",1.07643,1.07649
"exness","EURUSD","2023-06-13 01:44:06.929Z",1.07641,1.07648
"exness","EURUSD","2023-06-13 01:44:11.832Z",1.07643,1.07649
"exness","EURUSD","2023-06-13 01:44:12.370Z",1.07644,1.0765
"exness","EURUSD","2023-06-13 01:44:12.395Z",1.07646,1.07652
"exness","EURUSD","2023-06-13 01:44:13.476Z",1.07647,1.07652
"exness","EURUSD","2023-06-13 01:44:14.745Z",1.07645,1.07651
"exness","EURUSD","2023-06-13 01:44:15.777Z",1.07644,1.0765
"exness","EURUSD","2023-06-13 01:44:15.782Z",1.07642,1.07648
"exness","EURUSD","2023-06-13 01:44:17.178Z",1.07641,1.07647
"exness","EURUSD","2023-06-13 01:44:17.303Z",1.07639,1.07646
"exness","EURUSD","2023-06-13 01:44:22.799Z",1.07641,1.07647
"exness","EURUSD","2023-06-13 01:44:30.812Z",1.07642,1.07648
"exness","EURUSD","2023-06-13 01:44:30.928Z",1.07644,1.07649
"exness","EURUSD","2023-06-13 01:44:49.137Z",1.07644,1.07651
"exness","EURUSD","2023-06-13 01:44:54.209Z",1.07646,1.07652
"exness","EURUSD","2023-06-13 01:44:54.223Z",1.07647,1.07653
"exness","EURUSD","2023-06-13 01:44:55.264Z",1.07648,1.0765500000000001
"exness","EURUSD","2023-06-13 01:44:56.362Z",1.0765,1.07656
"exness","EURUSD","2023-06-13 01:45:00.221Z",1.07651,1.07656
"exness","EURUSD","2023-06-13 01:45:00.947Z",1.07651,1.07658
"exness","EURUSD","2023-06-13 01:45:02.044Z",1.07653,1.07659
"exness","EURUSD","2023-06-13 01:45:02.931Z",1.07654,1.07659
"exness","EURUSD","2023-06-13 01:45:04.229Z",1.0765500000000001,1.07661
"exness","EURUSD","2023-06-13 01:45:05.283Z",1.07656,1.07662
"exness","EURUSD","2023-06-13 01:45:14.558Z",1.07657,1.07663
"exness","EURUSD","2023-06-13 01:45:19.301Z",1.07656,1.07662
"exness","EURUSD","2023-06-13 01:45:22.214Z",1.07654,1.0766
"exness","EURUSD","2023-06-13 01:45:24.403Z",1.07654,1.07659
"exness","EURUSD","2023-06-13 01:45:24.726Z",1.07654,1.07661
"exness","EURUSD","2023-06-13 01:45:33.261Z",1.07656,1.07661
"exness","EURUSD","2023-06-13 01:45:37.434Z",1.07654,1.0766
"exness","EURUSD","2023-06-13 01:45:52.498Z",1.07652,1.07658
"exness","EURUSD","2023-06-13 01:45:59.228Z",1.07653,1.07658
"exness","EURUSD","2023-06-13 01:46:02.569Z",1.07652,1.07658
"exness","EURUSD","2023-06-13 01:46:07.496Z",1.07653,1.07659
"exness","EURUSD","2023-06-13 01:46:14.310Z",1.07652,1.07658
"exness","EURUSD","2023-06-13 01:46:16.778Z",1.0765,1.07657
"exness","EURUSD","2023-06-13 01:46:17.543Z",1.07652,1.07658
"exness","EURUSD","2023-06-13 01:46:17.786Z",1.07653,1.0766
"exness","EURUSD","2023-06-13 01:46:17.813Z",1.0765500000000001,1.07661
"exness","EURUSD","2023-06-13 01:46:36.463Z",1.07657,1.07663
"exness","EURUSD","2023-06-13 01:46:38.091Z",1.07658,1.07664
"exness","EURUSD","2023-06-13 01:46:58.198Z",1.0766,1.07666
"exness","EURUSD","2023-06-13 01:46:58.233Z",1.07661,1.07667
"exness","EURUSD","2023-06-13 01:46:58.583Z",1.07663,1.07669
"exness","EURUSD","2023-06-13 01:47:11.645Z",1.07662,1.07668
"exness","EURUSD","2023-06-13 01:47:14.242Z",1.07663,1.07669
"exness","EURUSD","2023-06-13 01:47:21.281Z",1.0766499999999999,1.07671
"exness","EURUSD","2023-06-13 01:47:24.678Z",1.07666,1.07672
"exness","EURUSD","2023-06-13 01:47:34.917Z",1.07667,1.07673
"exness","EURUSD","2023-06-13 01:47:35.068Z",1.07667,1.07672
"exness","EURUSD","2023-06-13 01:47:47.036Z",1.07667,1.07673
"exness","EURUSD","2023-06-13 01:47:47.261Z",1.07669,1.07674
"exness","EURUSD","2023-06-13 01:47:50.304Z",1.07669,1.07676
"exness","EURUSD","2023-06-13 01:47:51.901Z",1.07672,1.07677
"exness","EURUSD","2023-06-13 01:47:51.924Z",1.07673,1.07679
"exness","EURUSD","2023-06-13 01:47:58.074Z",1.07674,1.0768
"exness","EURUSD","2023-06-13 01:48:11.702Z",1.07673,1.07679
"exness","EURUSD","2023-06-13 01:48:11.973Z",1.07671,1.07677
"exness","EURUSD","2023-06-13 01:48:12.663Z",1.07672,1.07677
"exness","EURUSD","2023-06-13 01:48:12.979Z",1.07673,1.07679
"exness","EURUSD","2023-06-13 01:48:16.740Z",1.07674,1.07679
"exness","EURUSD","2023-06-13 01:48:19.117Z",1.07673,1.07679
"exness","EURUSD","2023-06-13 01:48:20.573Z",1.07673,1.07678
"exness","EURUSD","2023-06-13 01:48:24.607Z",1.07673,1.0768
"exness","EURUSD","2023-06-13 01:48:34.117Z",1.07675,1.07682
"exness","EURUSD","2023-06-13 01:48:39.074Z",1.07677,1.07683
"exness","EURUSD","2023-06-13 01:48:46.162Z",1.07676,1.07682
"exness","EURUSD","2023-06-13 01:48:57.395Z",1.07674,1.0768
"exness","EURUSD","2023-06-13 01:48:57.429Z",1.07672,1.07678
"exness","EURUSD","2023-06-13 01:49:03.942Z",1.07674,1.07679
"exness","EURUSD","2023-06-13 01:49:06.141Z",1.07675,1.07681
"exness","EURUSD","2023-06-13 01:49:09.756Z",1.07677,1.07682
"exness","EURUSD","2023-06-13 01:49:13.662Z",1.07677,1.07683
"exness","EURUSD","2023-06-13 01:49:15.543Z",1.07678,1.07683
"exness","EURUSD","2023-06-13 01:49:22.344Z",1.07677,1.07683
"exness","EURUSD","2023-06-13 01:49:26.431Z",1.07678,1.07684
"exness","EURUSD","2023-06-13 01:49:41.584Z",1.07677,1.07683
"exness","EURUSD","2023-06-13 01:50:02.127Z",1.07678,1.07683
"exness","EURUSD","2023-06-13 01:50:06.577Z",1.07679,1.07685
"exness","EURUSD","2023-06-13 01:50:11.315Z",1.07677,1.07684
"exness","EURUSD","2023-06-13 01:50:14.917Z",1.07679,1.07685
"exness","EURUSD","2023-06-13 01:50:19.390Z",1.07678,1.07683
"exness","EURUSD","2023-06-13 01:50:22.701Z",1.07678,1.07684
"exness","EURUSD","2023-06-13 01:50:25.135Z",1.07679,1.07684
"exness","EURUSD","2023-06-13 01:50:29.871Z",1.07678,1.07684
"exness","EURUSD","2023-06-13 01:50:30.656Z",1.07678,1.07683
"exness","EURUSD","2023-06-13 01:50:37.207Z",1.07678,1.07684
"exness","EURUSD","2023-06-13 01:50:57.294Z",1.07676,1.07683
"exness","EURUSD","2023-06-13 01:50:57.375Z",1.07675,1.07681
"exness","EURUSD","2023-06-13 01:50:58.140Z",1.07674,1.07679
"exness","EURUSD","2023-06-13 01:51:04.827Z",1.07672,1.07678
"exness","EURUSD","2023-06-13 01:51:28.914Z",1.07674,1.07681
"exness","EURUSD","2023-06-13 01:51:31.765Z",1.07673,1.07679
"exness","EURUSD","2023-06-13 01:51:43.012Z",1.07672,1.07678
"exness","EURUSD","2023-06-13 01:51:50.655Z",1.07673,1.07678
"exness","EURUSD","2023-06-13 01:51:53.074Z",1.07673,1.0768
"exness","EURUSD","2023-06-13 01:51:57.026Z",1.07672,1.07678
"exness","EURUSD","2023-06-13 01:51:58.071Z",1.0767,1.07677
"exness","EURUSD","2023-06-13 01:52:02.456Z",1.0767,1.07675
"exness","EURUSD","2023-06-13 01:52:05.262Z",1.07668,1.07674
"exness","EURUSD","2023-06-13 01:52:11.151Z",1.07666,1.07672
"exness","EURUSD","2023-06-13 01:52:11.761Z",1.0766499999999999,1.07671
"exness","EURUSD","2023-06-13 01:52:15.068Z",1.07664,1.07669
"exness","EURUSD","2023-06-13 01:52:16.109Z",1.07663,1.07669
"exness","EURUSD","2023-06-13 01:52:17.161Z",1.0766499999999999,1.07671
"exness","EURUSD","2023-06-13 01:52:21.263Z",1.0766499999999999,1.0767
"exness","EURUSD","2023-06-13 01:52:24.926Z",1.07664,1.0767
"exness","EURUSD","2023-06-13 01:52:35.100Z",1.07662,1.07669
"exness","EURUSD","2023-06-13 01:52:35.599Z",1.07662,1.07667
"exness","EURUSD","2023-06-13 01:52:38.297Z",1.07662,1.07669
"exness","EURUSD","2023-06-13 01:52:43.792Z",1.07664,1.07669
"exness","EURUSD","2023-06-13 01:52:48.961Z",1.07662,1.07668
"exness","EURUSD","2023-06-13 01:52:55.604Z",1.0766,1.07666
"exness","EURUSD","2023-06-13 01:53:01.421Z",1.07657,1.07664
"exness","EURUSD","2023-06-13 01:53:08.901Z",1.07659,1.0766499999999999
"exness","EURUSD","2023-06-13 01:53:17.181Z",1.0766,1.07666
"exness","EURUSD","2023-06-13 01:53:22.959Z",1.07661,1.07668
"exness","EURUSD","2023-06-13 01:53:24.361Z",1.07663,1.07668
"exness","EURUSD","2023-06-13 01:53:26.045Z",1.07663,1.07669
"exness","EURUSD","2023-06-13 01:53:26.166Z",1.07661,1.07668
"exness","EURUSD","2023-06-13 01:53:26.319Z",1.0766,1.07666
"exness","EURUSD","2023-06-13 01:53:32.871Z",1.07662,1.07668
"exness","EURUSD","2023-06-13 01:53:49.350Z",1.07663,1.07669
"exness","EURUSD","2023-06-13 01:54:04.359Z",1.0766499999999999,1.0767
"exness","EURUSD","2023-06-13 01:54:06.539Z",1.07663,1.07669
"exness","EURUSD","2023-06-13 01:54:06.621Z",1.07662,1.07667
"exness","EURUSD","2023-06-13 01:54:10.863Z",1.07661,1.07667
"exness","EURUSD","2023-06-13 01:54:10.906Z",1.07659,1.0766499999999999
"exness","EURUSD","2023-06-13 01:54:15.491Z",1.07661,1.07667
"exness","EURUSD","2023-06-13 01:54:15.531Z",1.07662,1.07668
"exness","EURUSD","2023-06-13 01:54:15.789Z",1.07664,1.07669
"exness","EURUSD","2023-06-13 01:54:20.606Z",1.07664,1.0767
"exness","EURUSD","2023-06-13 01:54:21.624Z",1.07666,1.07673
"exness","EURUSD","2023-06-13 01:54:21.720Z",1.07668,1.07674
"exness","EURUSD","2023-06-13 01:54:22.670Z",1.07669,1.07674
"exness","EURUSD","2023-06-13 01:54:22.827Z",1.0767,1.07676
"exness","EURUSD","2023-06-13 01:54:29.300Z",1.07668,1.07674
"exness","EURUSD","2023-06-13 01:54:31.577Z",1.07668,1.07673
"exness","EURUSD","2023-06-13 01:54:41.280Z",1.07668,1.07674
"exness","EURUSD","2023-06-13 01:55:01.108Z",1.07669,1.07674
"exness","EURUSD","2023-06-13 01:55:02.369Z",1.07669,1.07675
"exness","EURUSD","2023-06-13 01:55:05.636Z",1.07671,1.07677
"exness","EURUSD","2023-06-13 01:55:09.198Z",1.0767,1.07676
"exness","EURUSD","2023-06-13 01:55:10.211Z",1.07669,1.07675
"exness","EURUSD","2023-06-13 01:55:13.184Z",1.0767,1.07677
"exness","EURUSD","2023-06-13 01:55:18.917Z",1.07672,1.07679
"exness","EURUSD","2023-06-13 01:55:24.141Z",1.07672,1.07677
"exness","EURUSD","2023-06-13 01:55:25.521Z",1.07672,1.07678
"exness","EURUSD","2023-06-13 01:55:26.919Z",1.07673,1.07679
"exness","EURUSD","2023-06-13 01:55:28.151Z",1.07674,1.0768
"exness","EURUSD","2023-06-13 01:55:34.132Z",1.07672,1.07679
"exness","EURUSD","2023-06-13 01:55:38.338Z",1.07672,1.07677
"exness","EURUSD","2023-06-13 01:55:39.354Z",1.07673,1.07679
"exness","EURUSD","2023-06-13 01:55:44.604Z",1.07674,1.07679
"exness","EURUSD","2023-06-13 01:55:51.326Z",1.07673,1.07679
"exness","EURUSD","2023-06-13 01:55:54.451Z",1.07673,1.07678
"exness","EURUSD","2023-06-13 01:55:54.502Z",1.07671,1.07677
"exness","EURUSD","2023-06-13 01:55:55.337Z",1.0767,1.07675
"exness","EURUSD","2023-06-13 01:55:56.353Z",1.0767,1.07677
"exness","EURUSD","2023-06-13 01:55:58.804Z",1.07672,1.07678
"exness","EURUSD","2023-06-13 01:56:10.717Z",1.0767,1.07676
"exness","EURUSD","2023-06-13 01:56:24.434Z",1.0767,1.07675
"exness","EURUSD","2023-06-13 01:56:33.212Z",1.07671,1.07677
"exness","EURUSD","2023-06-13 01:56:38.079Z",1.07672,1.07677
"exness","EURUSD","2023-06-13 01:56:40.183Z",1.07672,1.07679
"exness","EURUSD","2023-06-13 01:56:41.483Z",1.07673,1.0768
"exness","EURUSD","2023-06-13 01:56:44.329Z",1.07672,1.07678
"exness","EURUSD","2023-06-13 01:56:44.617Z",1.0767,1.07677
"exness","EURUSD","2023-06-13 01:56:45.034Z",1.0767,1.07675
"exness","EURUSD","2023-06-13 01:56:56.940Z",1.07671,1.07677
"exness","EURUSD","2023-06-13 01:57:00.616Z",1.07673,1.07678
"exness","EURUSD","2023-06-13 01:57:01.908Z",1.07671,1.07677
"exness","EURUSD","2023-06-13 01:57:02.642Z",1.0767,1.07675
"exness","EURUSD","2023-06-13 01:57:07.457Z",1.07669,1.07675
"exness","EURUSD","2023-06-13 01:57:16.454Z",1.07671,1.07677
"exness","EURUSD","2023-06-13 01:57:16.547Z",1.07672,1.07678
"exness","EURUSD","2023-06-13 01:57:17.680Z",1.07673,1.07678
"exness","EURUSD","2023-06-13 01:57:24.479Z",1.07674,1.0768
"exness","EURUSD","2023-06-13 01:57:30.343Z",1.07676,1.07682
"exness","EURUSD","2023-06-13 01:57:37.172Z",1.07677,1.07684
"exness","EURUSD","2023-06-13 01:57:54.404Z",1.07676,1.07682
"exness","EURUSD","2023-06-13 01:57:54.475Z",1.07675,1.07681
"exness","EURUSD","2023-06-13 01:58:01.231Z",1.07677,1.07683
"exness","EURUSD","2023-06-13 01:58:14.693Z",1.07677,1.07682
"exness","EURUSD","2023-06-13 01:58:24.162Z",1.07677,1.07683
"exness","EURUSD","2023-06-13 01:58:37.090Z",1.07679,1.07685
"exness","EURUSD","2023-06-13 01:58:55.129Z",1.07681,1.07687
"exness","EURUSD","2023-06-13 01:58:56.092Z",1.07679,1.07686
"exness","EURUSD","2023-06-13 01:59:02.012Z",1.07681,1.07687
"exness","EURUSD","2023-06-13 01:59:04.356Z",1.0768,1.07686
"exness","EURUSD","2023-06-13 01:59:04.372Z",1.07678,1.07684
"exness","EURUSD","2023-06-13 01:59:04.406Z",1.07676,1.07683
"exness","EURUSD","2023-06-13 01:59:04.432Z",1.07675,1.07681
"exness","EURUSD","2023-06-13 01:59:08.675Z",1.07674,1.0768
"exness","EURUSD","2023-06-13 01:59:15.293Z",1.07675,1.07682
"exness","EURUSD","2023-06-13 01:59:31.761Z",1.07674,1.0768
"exness","EURUSD","2023-06-13 02:00:05.769Z",1.07675,1.0768
"exness","EURUSD","2023-06-13 02:00:11.095Z",1.07673,1.0768
"exness","EURUSD","2023-06-13 02:00:11.344Z",1.07672,1.07678
"exness","EURUSD","2023-06-13 02:00:11.369Z",1.0767,1.07677
"exness","EURUSD","2023-06-13 02:00:12.447Z",1.0767,1.07675
"exness","EURUSD","2023-06-13 02:00:34.441Z",1.07671,1.07677
"exness","EURUSD","2023-06-13 02:00:35.509Z",1.07672,1.07678
"exness","EURUSD","2023-06-13 02:00:38.988Z",1.07673,1.07678
"exness","EURUSD","2023-06-13 02:00:42.282Z",1.07671,1.07677
"exness","EURUSD","2023-06-13 02:00:47.660Z",1.07672,1.07678
"exness","EURUSD","2023-06-13 02:00:49.425Z",1.07671,1.07677
"exness","EURUSD","2023-06-13 02:00:50.349Z",1.07672,1.07677
"exness","EURUSD","2023-06-13 02:00:51.357Z",1.07673,1.07679
"exness","EURUSD","2023-06-13 02:00:54.849Z",1.07674,1.0768
"exness","EURUSD","2023-06-13 02:01:00.215Z",1.07675,1.07681
"exness","EURUSD","2023-06-13 02:01:03.569Z",1.07674,1.0768
"exness","EURUSD","2023-06-13 02:01:04.279Z",1.07675,1.0768
"exness","EURUSD","2023-06-13 02:01:07.701Z",1.07675,1.07682
"exness","EURUSD","2023-06-13 02:01:12.816Z",1.07677,1.07682
"exness","EURUSD","2023-06-13 02:01:17.855Z",1.07678,1.07684
"exness","EURUSD","2023-06-13 02:01:22.122Z",1.07679,1.07685
"exness","EURUSD","2023-06-13 02:01:25.604Z",1.07677,1.07683
"exness","EURUSD","2023-06-13 02:01:32.152Z",1.07676,1.07682
"exness","EURUSD","2023-06-13 02:01:35.751Z",1.07677,1.07682
"exness","EURUSD","2023-06-13 02:01:37.537Z",1.07677,1.07683
"exness","EURUSD","2023-06-13 02:01:39.644Z",1.07678,1.07683
"exness","EURUSD","2023-06-13 02:01:40.500Z",1.07679,1.07685
"exness","EURUSD","2023-06-13 02:01:54.018Z",1.07677,1.07683
"exness","EURUSD","2023-06-13 02:01:59.201Z",1.07679,1.07684
"exness","EURUSD","2023-06-13 02:02:04.237Z",1.07676,1.07682
"exness","EURUSD","2023-06-13 02:02:07.221Z",1.07676,1.07681
"exness","EURUSD","2023-06-13 02:02:14.534Z",1.07674,1.0768
"exness","EURUSD","2023-06-13 02:02:16.511Z",1.07672,1.07679
"exness","EURUSD","2023-06-13 02:02:21.046Z",1.07671,1.07677
"exness","EURUSD","2023-06-13 02:02:21.469Z",1.07669,1.07676
"exness","EURUSD","2023-06-13 02:02:25.768Z",1.07667,1.07673
"exness","EURUSD","2023-06-13 02:02:25.776Z",1.0766499999999999,1.07672
"exness","EURUSD","2023-06-13 02:02:26.357Z",1.07667,1.07673
"exness","EURUSD","2023-06-13 02:02:27.283Z",1.07668,1.07675
"exness","EURUSD","2023-06-13 02:02:29.636Z",1.07667,1.07674
"exness","EURUSD","2023-06-13 02:02:30.818Z",1.07668,1.07673
"exness","EURUSD","2023-06-13 02:02:32.215Z",1.07668,1.07674
"exness","EURUSD","2023-06-13 02:02:37.471Z",1.07669,1.07676
"exness","EURUSD","2023-06-13 02:02:40.085Z",1.07671,1.07677
"exness","EURUSD","2023-06-13 02:02:42.220Z",1.07673,1.07679
"exness","EURUSD","2023-06-13 02:02:52.598Z",1.07672,1.07678
"exness","EURUSD","2023-06-13 02:02:52.768Z",1.07671,1.07676
"exness","EURUSD","2023-06-13 02:02:54.079Z",1.07673,1.07679
"exness","EURUSD","2023-06-13 02:02:59.889Z",1.07671,1.07678
"exness","EURUSD","2023-06-13 02:03:01.194Z",1.0767,1.07676
"exness","EURUSD","2023-06-13 02:03:01.689Z",1.07672,1.07677
"exness","EURUSD","2023-06-13 02:03:03.291Z",1.07671,1.07677
"exness","EURUSD","2023-06-13 02:03:11.429Z",1.07672,1.07678
"exness","EURUSD","2023-06-13 02:03:12.870Z",1.07673,1.0768
"exness","EURUSD","2023-06-13 02:03:42.297Z",1.07676,1.07682
"exness","EURUSD","2023-06-13 02:03:44.319Z",1.07674,1.07681
"exness","EURUSD","2023-06-13 02:03:49.437Z",1.07676,1.07682
"exness","EURUSD","2023-06-13 02:03:49.980Z",1.07678,1.07683
"exness","EURUSD","2023-06-13 02:03:50.792Z",1.07678,1.07684
"exness","EURUSD","2023-06-13 02:03:52.552Z",1.07679,1.07684
"exness","EURUSD","2023-06-13 02:03:56.153Z",1.07679,1.07685
"exness","EURUSD","2023-06-13 02:03:56.601Z",1.07681,1.07687
"exness","EURUSD","2023-06-13 02:04:19.072Z",1.07683,1.07689
"exness","EURUSD","2023-06-13 02:04:19.597Z",1.07683,1.07688
"exness","EURUSD","2023-06-13 02:04:33.439Z",1.07681,1.07688
"exness","EURUSD","2023-06-13 02:04:42.017Z",1.07684,1.07689
"exness","EURUSD","2023-06-13 02:04:42.064Z",1.07684,1.07691
"exness","EURUSD","2023-06-13 02:04:42.094Z",1.07686,1.07692
"exness","EURUSD","2023-06-13 02:04:42.575Z",1.07686,1.07691
"exness","EURUSD","2023-06-13 02:04:45.952Z",1.07684,1.07691
"exness","EURUSD","2023-06-13 02:04:57.761Z",1.07683,1.07689
"exness","EURUSD","2023-06-13 02:04:57.802Z",1.07681,1.07688
"exness","EURUSD","2023-06-13 02:04:57.962Z",1.0768,1.07686
"exness","EURUSD","2023-06-13 02:04:58.974Z",1.0768,1.07685
"exness","EURUSD","2023-06-13 02:05:04.259Z",1.07678,1.07684
"exness","EURUSD","2023-06-13 02:05:33.498Z",1.0768,1.07686
"exness","EURUSD","2023-06-13 02:05:35.201Z",1.07679,1.07684
"exness","EURUSD","2023-06-13 02:05:48.967Z",1.07676,1.07683
"exness","EURUSD","2023-06-13 02:05:49.391Z",1.07675,1.07681
"exness","EURUSD","2023-06-13 02:05:53.697Z",1.07675,1.0768
"exness","EURUSD","2023-06-13 02:06:00.759Z",1.07675,1.07682
"exness","EURUSD","2023-06-13 02:06:12.996Z",1.07678,1.07683
"exness","EURUSD","2023-06-13 02:06:22.902Z",1.07676,1.07682
"exness","EURUSD","2023-06-13 02:06:30.603Z",1.07676,1.07681
"exness","EURUSD","2023-06-13 02:06:36.138Z",1.07674,1.07681
"exness","EURUSD","2023-06-13 02:06:38.730Z",1.07676,1.07681
"exness","EURUSD","2023-06-13 02:06:41.974Z",1.07674,1.07681
"exness","EURUSD","2023-06-13 02:06:43.154Z",1.07673,1.07679
"exness","EURUSD","2023-06-13 02:06:51.245Z",1.07675,1.07682
"exness","EURUSD","2023-06-13 02:07:01.754Z",1.07674,1.0768
"exness","EURUSD","2023-06-13 02:07:05.188Z",1.07675,1.07681
"exness","EURUSD","2023-06-13 02:07:19.682Z",1.07676,1.07683
"exness","EURUSD","2023-06-13 02:07:19.766Z",1.07678,1.07683
