"Exness","Symbol","Timestamp","Bid","Ask"
"exness","EURUSD","2023-06-22 00:00:00.056Z",1.09914,1.0991900000000001
"exness","EURUSD","2023-06-22 00:00:00.134Z",1.09914,1.0992
"exness","EURUSD","2023-06-22 00:00:01.230Z",1.09915,1.09921
"exness","EURUSD","2023-06-22 00:00:02.226Z",1.09916,1.09921
"exness","EURUSD","2023-06-22 00:00:03.357Z",1.09915,1.09921
"exness","EURUSD","2023-06-22 00:00:04.611Z",1.09916,1.09921
"exness","EURUSD","2023-06-22 00:00:05.605Z",1.09916,1.09923
"exness","EURUSD","2023-06-22 00:00:05.700Z",1.09918,1.09923
"exness","EURUSD","2023-06-22 00:00:07.077Z",1.09917,1.09923
"exness","EURUSD","2023-06-22 00:00:08.172Z",1.09918,1.09923
"exness","EURUSD","2023-06-22 00:00:09.664Z",1.09916,1.09923
"exness","EURUSD","2023-06-22 00:00:11.138Z",1.09916,1.09922
"exness","EURUSD","2023-06-22 00:00:12.535Z",1.09916,1.09923
"exness","EURUSD","2023-06-22 00:00:13.762Z",1.09916,1.09922
"exness","EURUSD","2023-06-22 00:00:22.367Z",1.09915,1.09921
"exness","EURUSD","2023-06-22 00:00:23.390Z",1.09916,1.09921
"exness","EURUSD","2023-06-22 00:00:25.872Z",1.09915,1.09922
"exness","EURUSD","2023-06-22 00:00:29.969Z",1.09917,1.09923
"exness","EURUSD","2023-06-22 00:00:32.282Z",1.09916,1.09922
"exness","EURUSD","2023-06-22 00:00:35.570Z",1.09916,1.09921
"exness","EURUSD","2023-06-22 00:00:37.795Z",1.09917,1.09923
"exness","EURUSD","2023-06-22 00:00:38.343Z",1.09918,1.09923
"exness","EURUSD","2023-06-22 00:00:39.481Z",1.09918,1.09924
"exness","EURUSD","2023-06-22 00:00:42.340Z",1.09918,1.09925
"exness","EURUSD","2023-06-22 00:00:43.350Z",1.0991900000000001,1.09925
"exness","EURUSD","2023-06-22 00:00:44.183Z",1.09917,1.09923
"exness","EURUSD","2023-06-22 00:00:45.238Z",1.09917,1.09922
"exness","EURUSD","2023-06-22 00:00:47.967Z",1.09916,1.09923
"exness","EURUSD","2023-06-22 00:00:53.481Z",1.09915,1.09921
"exness","EURUSD","2023-06-22 00:00:53.512Z",1.09913,1.0991900000000001
"exness","EURUSD","2023-06-22 00:00:54.241Z",1.09912,1.09918
"exness","EURUSD","2023-06-22 00:00:55.614Z",1.09912,1.09917
"exness","EURUSD","2023-06-22 00:00:56.644Z",1.09911,1.09917
"exness","EURUSD","2023-06-22 00:00:58.786Z",1.09909,1.09915
"exness","EURUSD","2023-06-22 00:00:58.802Z",1.09907,1.09913
"exness","EURUSD","2023-06-22 00:00:59.846Z",1.09906,1.09913
"exness","EURUSD","2023-06-22 00:01:00.937Z",1.09906,1.09912
"exness","EURUSD","2023-06-22 00:01:03.228Z",1.09904,1.0991
"exness","EURUSD","2023-06-22 00:01:04.387Z",1.09903,1.09909
"exness","EURUSD","2023-06-22 00:01:08.307Z",1.09901,1.09907
"exness","EURUSD","2023-06-22 00:01:08.764Z",1.09901,1.09906
"exness","EURUSD","2023-06-22 00:01:08.823Z",1.09899,1.09905
"exness","EURUSD","2023-06-22 00:01:09.574Z",1.09899,1.09904
"exness","EURUSD","2023-06-22 00:01:09.909Z",1.09897,1.09904
"exness","EURUSD","2023-06-22 00:01:11.302Z",1.09898,1.09905
"exness","EURUSD","2023-06-22 00:01:11.378Z",1.099,1.09906
"exness","EURUSD","2023-06-22 00:01:12.261Z",1.0990199999999999,1.09908
"exness","EURUSD","2023-06-22 00:01:14.208Z",1.09901,1.09907
"exness","EURUSD","2023-06-22 00:01:15.071Z",1.09899,1.09905
"exness","EURUSD","2023-06-22 00:01:15.101Z",1.09898,1.09904
"exness","EURUSD","2023-06-22 00:01:16.113Z",1.09896,1.0990199999999999
"exness","EURUSD","2023-06-22 00:01:17.696Z",1.09898,1.09904
"exness","EURUSD","2023-06-22 00:01:18.120Z",1.09897,1.0990199999999999
"exness","EURUSD","2023-06-22 00:01:20.046Z",1.09897,1.09904
"exness","EURUSD","2023-06-22 00:01:20.668Z",1.09899,1.09905
"exness","EURUSD","2023-06-22 00:01:21.463Z",1.09897,1.09904
"exness","EURUSD","2023-06-22 00:01:23.031Z",1.09897,1.09903
"exness","EURUSD","2023-06-22 00:01:24.160Z",1.09897,1.0990199999999999
"exness","EURUSD","2023-06-22 00:01:25.284Z",1.09896,1.0990199999999999
"exness","EURUSD","2023-06-22 00:01:29.142Z",1.09895,1.09901
"exness","EURUSD","2023-06-22 00:01:31.325Z",1.09895,1.099
"exness","EURUSD","2023-06-22 00:01:33.168Z",1.09893,1.09899
"exness","EURUSD","2023-06-22 00:01:33.943Z",1.09892,1.09898
"exness","EURUSD","2023-06-22 00:01:35.128Z",1.09891,1.09898
"exness","EURUSD","2023-06-22 00:01:35.212Z",1.09891,1.09896
"exness","EURUSD","2023-06-22 00:01:35.589Z",1.0989,1.09896
"exness","EURUSD","2023-06-22 00:01:36.761Z",1.09888,1.09895
"exness","EURUSD","2023-06-22 00:01:38.391Z",1.09887,1.09893
"exness","EURUSD","2023-06-22 00:01:39.133Z",1.09885,1.09892
"exness","EURUSD","2023-06-22 00:01:40.328Z",1.09886,1.09891
"exness","EURUSD","2023-06-22 00:01:42.712Z",1.09885,1.09891
"exness","EURUSD","2023-06-22 00:01:44.512Z",1.09883,1.09889
"exness","EURUSD","2023-06-22 00:01:44.532Z",1.09881,1.09888
"exness","EURUSD","2023-06-22 00:01:45.572Z",1.09882,1.09887
"exness","EURUSD","2023-06-22 00:01:47.548Z",1.0988,1.09886
"exness","EURUSD","2023-06-22 00:01:47.563Z",1.09878,1.09885
"exness","EURUSD","2023-06-22 00:01:48.459Z",1.09879,1.09884
"exness","EURUSD","2023-06-22 00:01:48.673Z",1.09878,1.09884
"exness","EURUSD","2023-06-22 00:01:48.801Z",1.09876,1.09882
"exness","EURUSD","2023-06-22 00:01:49.807Z",1.09875,1.09882
"exness","EURUSD","2023-06-22 00:01:50.121Z",1.09877,1.09883
"exness","EURUSD","2023-06-22 00:01:50.821Z",1.09879,1.09884
"exness","EURUSD","2023-06-22 00:01:50.834Z",1.0988,1.09886
"exness","EURUSD","2023-06-22 00:01:50.870Z",1.09882,1.09888
"exness","EURUSD","2023-06-22 00:01:50.951Z",1.09883,1.09889
"exness","EURUSD","2023-06-22 00:01:52.459Z",1.09884,1.0989
"exness","EURUSD","2023-06-22 00:01:53.732Z",1.09884,1.09889
"exness","EURUSD","2023-06-22 00:01:57.007Z",1.09884,1.0989
"exness","EURUSD","2023-06-22 00:02:03.997Z",1.09882,1.09888
"exness","EURUSD","2023-06-22 00:02:04.074Z",1.09884,1.0989
"exness","EURUSD","2023-06-22 00:02:05.900Z",1.09882,1.09888
"exness","EURUSD","2023-06-22 00:02:05.928Z",1.09881,1.09887
"exness","EURUSD","2023-06-22 00:02:06.363Z",1.09882,1.09888
"exness","EURUSD","2023-06-22 00:02:06.566Z",1.09884,1.09889
"exness","EURUSD","2023-06-22 00:02:10.566Z",1.09884,1.0989
"exness","EURUSD","2023-06-22 00:02:11.038Z",1.09882,1.09888
"exness","EURUSD","2023-06-22 00:02:12.463Z",1.09881,1.09887
"exness","EURUSD","2023-06-22 00:02:12.798Z",1.0988,1.09886
"exness","EURUSD","2023-06-22 00:02:13.829Z",1.09879,1.09886
"exness","EURUSD","2023-06-22 00:02:15.927Z",1.09879,1.09884
"exness","EURUSD","2023-06-22 00:02:20.120Z",1.09879,1.09885
"exness","EURUSD","2023-06-22 00:02:20.815Z",1.0988,1.09887
"exness","EURUSD","2023-06-22 00:02:20.828Z",1.09882,1.09888
"exness","EURUSD","2023-06-22 00:02:21.151Z",1.09883,1.0989
"exness","EURUSD","2023-06-22 00:02:22.347Z",1.09884,1.0989
"exness","EURUSD","2023-06-22 00:02:25.139Z",1.09885,1.09892
"exness","EURUSD","2023-06-22 00:02:25.175Z",1.09887,1.09893
"exness","EURUSD","2023-06-22 00:02:25.244Z",1.09888,1.09895
"exness","EURUSD","2023-06-22 00:02:26.284Z",1.0989,1.09895
"exness","EURUSD","2023-06-22 00:02:28.747Z",1.09889,1.09896
"exness","EURUSD","2023-06-22 00:02:30.197Z",1.09889,1.09895
"exness","EURUSD","2023-06-22 00:02:34.351Z",1.09887,1.09894
"exness","EURUSD","2023-06-22 00:02:35.534Z",1.09886,1.09893
"exness","EURUSD","2023-06-22 00:02:37.874Z",1.09885,1.09891
"exness","EURUSD","2023-06-22 00:02:38.570Z",1.09885,1.0989
"exness","EURUSD","2023-06-22 00:02:39.844Z",1.09884,1.0989
"exness","EURUSD","2023-06-22 00:02:41.175Z",1.09884,1.09889
"exness","EURUSD","2023-06-22 00:02:45.645Z",1.09884,1.0989
"exness","EURUSD","2023-06-22 00:02:53.135Z",1.09885,1.09892
"exness","EURUSD","2023-06-22 00:02:53.148Z",1.09887,1.09893
"exness","EURUSD","2023-06-22 00:02:53.238Z",1.09888,1.09895
"exness","EURUSD","2023-06-22 00:02:54.448Z",1.09889,1.09894
"exness","EURUSD","2023-06-22 00:02:55.497Z",1.09888,1.09895
"exness","EURUSD","2023-06-22 00:02:56.584Z",1.09889,1.09895
"exness","EURUSD","2023-06-22 00:03:27.500Z",1.0989,1.09897
"exness","EURUSD","2023-06-22 00:03:28.045Z",1.09892,1.09898
"exness","EURUSD","2023-06-22 00:03:29.076Z",1.09893,1.09898
"exness","EURUSD","2023-06-22 00:03:30.497Z",1.09894,1.09899
"exness","EURUSD","2023-06-22 00:03:36.141Z",1.09893,1.099
"exness","EURUSD","2023-06-22 00:03:52.932Z",1.09894,1.099
"exness","EURUSD","2023-06-22 00:03:55.035Z",1.09893,1.09899
"exness","EURUSD","2023-06-22 00:03:55.237Z",1.09894,1.099
"exness","EURUSD","2023-06-22 00:03:55.302Z",1.09896,1.0990199999999999
"exness","EURUSD","2023-06-22 00:03:55.331Z",1.09897,1.09904
"exness","EURUSD","2023-06-22 00:03:55.385Z",1.09899,1.09905
"exness","EURUSD","2023-06-22 00:03:56.771Z",1.099,1.09905
"exness","EURUSD","2023-06-22 00:03:56.787Z",1.09898,1.09905
"exness","EURUSD","2023-06-22 00:03:56.795Z",1.09897,1.09903
"exness","EURUSD","2023-06-22 00:03:56.847Z",1.09898,1.09903
"exness","EURUSD","2023-06-22 00:03:58.660Z",1.09899,1.09904
"exness","EURUSD","2023-06-22 00:04:00.897Z",1.09898,1.09904
"exness","EURUSD","2023-06-22 00:04:02.298Z",1.09899,1.09905
"exness","EURUSD","2023-06-22 00:04:14.382Z",1.09899,1.09906
"exness","EURUSD","2023-06-22 00:04:15.076Z",1.09901,1.09907
"exness","EURUSD","2023-06-22 00:04:21.201Z",1.099,1.09906
"exness","EURUSD","2023-06-22 00:04:21.313Z",1.099,1.09905
"exness","EURUSD","2023-06-22 00:04:24.033Z",1.09898,1.09905
"exness","EURUSD","2023-06-22 00:04:28.800Z",1.09899,1.09905
"exness","EURUSD","2023-06-22 00:04:32.449Z",1.09898,1.09905
"exness","EURUSD","2023-06-22 00:04:33.772Z",1.09899,1.09905
"exness","EURUSD","2023-06-22 00:04:47.106Z",1.09901,1.09907
"exness","EURUSD","2023-06-22 00:04:47.137Z",1.0990199999999999,1.09909
"exness","EURUSD","2023-06-22 00:04:47.163Z",1.09904,1.0991
"exness","EURUSD","2023-06-22 00:04:47.221Z",1.09905,1.09912
"exness","EURUSD","2023-06-22 00:04:47.355Z",1.09907,1.09913
"exness","EURUSD","2023-06-22 00:04:47.599Z",1.09908,1.09915
"exness","EURUSD","2023-06-22 00:04:47.605Z",1.0991,1.09916
"exness","EURUSD","2023-06-22 00:04:47.895Z",1.09912,1.09918
"exness","EURUSD","2023-06-22 00:04:49.117Z",1.09913,1.0991900000000001
"exness","EURUSD","2023-06-22 00:04:49.600Z",1.09912,1.09918
"exness","EURUSD","2023-06-22 00:04:49.662Z",1.0991,1.09916
"exness","EURUSD","2023-06-22 00:04:50.213Z",1.09908,1.09915
"exness","EURUSD","2023-06-22 00:04:50.599Z",1.09908,1.09913
"exness","EURUSD","2023-06-22 00:04:52.389Z",1.09908,1.09914
"exness","EURUSD","2023-06-22 00:04:53.942Z",1.09908,1.09915
"exness","EURUSD","2023-06-22 00:04:55.712Z",1.09908,1.09913
"exness","EURUSD","2023-06-22 00:05:00.300Z",1.09907,1.09914
"exness","EURUSD","2023-06-22 00:05:01.582Z",1.09908,1.09915
"exness","EURUSD","2023-06-22 00:05:03.048Z",1.09909,1.09915
"exness","EURUSD","2023-06-22 00:05:05.347Z",1.09907,1.09913
"exness","EURUSD","2023-06-22 00:05:06.830Z",1.09907,1.09914
"exness","EURUSD","2023-06-22 00:05:07.852Z",1.09909,1.09915
"exness","EURUSD","2023-06-22 00:05:08.983Z",1.09907,1.09914
"exness","EURUSD","2023-06-22 00:05:10.021Z",1.09908,1.09913
"exness","EURUSD","2023-06-22 00:05:12.546Z",1.09907,1.09914
"exness","EURUSD","2023-06-22 00:05:14.940Z",1.09908,1.09914
"exness","EURUSD","2023-06-22 00:05:16.128Z",1.09907,1.09914
"exness","EURUSD","2023-06-22 00:05:17.139Z",1.09907,1.09913
"exness","EURUSD","2023-06-22 00:05:22.176Z",1.09905,1.09912
"exness","EURUSD","2023-06-22 00:05:22.987Z",1.09904,1.0991
"exness","EURUSD","2023-06-22 00:05:23.085Z",1.0990199999999999,1.09908
"exness","EURUSD","2023-06-22 00:05:25.030Z",1.0990199999999999,1.09907
"exness","EURUSD","2023-06-22 00:05:27.373Z",1.0990199999999999,1.09908
"exness","EURUSD","2023-06-22 00:05:29.153Z",1.09901,1.09908
"exness","EURUSD","2023-06-22 00:05:31.679Z",1.099,1.09906
"exness","EURUSD","2023-06-22 00:05:37.127Z",1.099,1.09905
"exness","EURUSD","2023-06-22 00:05:42.162Z",1.09899,1.09906
"exness","EURUSD","2023-06-22 00:05:45.573Z",1.099,1.09906
"exness","EURUSD","2023-06-22 00:05:54.464Z",1.09899,1.09906
"exness","EURUSD","2023-06-22 00:06:06.749Z",1.09901,1.09907
"exness","EURUSD","2023-06-22 00:06:10.446Z",1.0990199999999999,1.09908
"exness","EURUSD","2023-06-22 00:06:10.501Z",1.09904,1.0991
"exness","EURUSD","2023-06-22 00:06:11.846Z",1.09905,1.09911
"exness","EURUSD","2023-06-22 00:06:11.884Z",1.09904,1.09909
"exness","EURUSD","2023-06-22 00:06:15.869Z",1.0990199999999999,1.09909
"exness","EURUSD","2023-06-22 00:06:16.047Z",1.09901,1.09907
"exness","EURUSD","2023-06-22 00:06:17.499Z",1.09901,1.09906
"exness","EURUSD","2023-06-22 00:06:20.190Z",1.09901,1.09907
"exness","EURUSD","2023-06-22 00:06:27.376Z",1.09901,1.09906
"exness","EURUSD","2023-06-22 00:06:27.908Z",1.09899,1.09906
"exness","EURUSD","2023-06-22 00:06:28.920Z",1.09899,1.09905
"exness","EURUSD","2023-06-22 00:06:30.390Z",1.099,1.09905
"exness","EURUSD","2023-06-22 00:06:38.068Z",1.09899,1.09905
"exness","EURUSD","2023-06-22 00:06:39.196Z",1.09898,1.09905
"exness","EURUSD","2023-06-22 00:06:40.205Z",1.09899,1.09905
"exness","EURUSD","2023-06-22 00:06:42.392Z",1.09898,1.09905
"exness","EURUSD","2023-06-22 00:06:43.443Z",1.09899,1.09905
"exness","EURUSD","2023-06-22 00:06:43.569Z",1.09897,1.09903
"exness","EURUSD","2023-06-22 00:06:44.615Z",1.09898,1.09903
"exness","EURUSD","2023-06-22 00:06:45.958Z",1.09896,1.0990199999999999
"exness","EURUSD","2023-06-22 00:06:46.023Z",1.09895,1.099
"exness","EURUSD","2023-06-22 00:06:46.097Z",1.09896,1.0990199999999999
"exness","EURUSD","2023-06-22 00:06:46.102Z",1.09897,1.09903
"exness","EURUSD","2023-06-22 00:06:46.343Z",1.09899,1.09905
"exness","EURUSD","2023-06-22 00:06:46.534Z",1.099,1.09906
"exness","EURUSD","2023-06-22 00:06:47.534Z",1.09901,1.09906
"exness","EURUSD","2023-06-22 00:06:47.970Z",1.09901,1.09908
"exness","EURUSD","2023-06-22 00:06:49.219Z",1.0990199999999999,1.09908
"exness","EURUSD","2023-06-22 00:06:51.588Z",1.09904,1.0991
"exness","EURUSD","2023-06-22 00:06:52.754Z",1.09904,1.09909
"exness","EURUSD","2023-06-22 00:06:55.292Z",1.09903,1.09908
"exness","EURUSD","2023-06-22 00:06:56.612Z",1.09903,1.09909
"exness","EURUSD","2023-06-22 00:06:59.621Z",1.0990199999999999,1.09909
"exness","EURUSD","2023-06-22 00:07:03.462Z",1.0990199999999999,1.09908
"exness","EURUSD","2023-06-22 00:07:18.795Z",1.0990199999999999,1.09907
"exness","EURUSD","2023-06-22 00:07:21.319Z",1.0990199999999999,1.09908
"exness","EURUSD","2023-06-22 00:07:22.364Z",1.09901,1.09907
"exness","EURUSD","2023-06-22 00:07:23.527Z",1.09901,1.09906
"exness","EURUSD","2023-06-22 00:07:25.722Z",1.099,1.09906
"exness","EURUSD","2023-06-22 00:07:27.797Z",1.09899,1.09905
"exness","EURUSD","2023-06-22 00:07:29.311Z",1.099,1.09905
"exness","EURUSD","2023-06-22 00:07:30.204Z",1.09898,1.09904
"exness","EURUSD","2023-06-22 00:07:32.728Z",1.09898,1.09903
"exness","EURUSD","2023-06-22 00:07:34.288Z",1.09899,1.09905
"exness","EURUSD","2023-06-22 00:07:36.278Z",1.099,1.09906
"exness","EURUSD","2023-06-22 00:07:39.714Z",1.09901,1.09906
"exness","EURUSD","2023-06-22 00:07:40.765Z",1.09899,1.09906
"exness","EURUSD","2023-06-22 00:07:42.402Z",1.09899,1.09905
"exness","EURUSD","2023-06-22 00:07:44.212Z",1.09898,1.09904
"exness","EURUSD","2023-06-22 00:07:44.673Z",1.09896,1.0990199999999999
"exness","EURUSD","2023-06-22 00:07:44.830Z",1.09894,1.09901
"exness","EURUSD","2023-06-22 00:07:45.882Z",1.09894,1.099
"exness","EURUSD","2023-06-22 00:07:47.162Z",1.09894,1.09899
"exness","EURUSD","2023-06-22 00:07:49.642Z",1.09894,1.09901
"exness","EURUSD","2023-06-22 00:07:49.680Z",1.09896,1.0990199999999999
"exness","EURUSD","2023-06-22 00:07:49.701Z",1.09897,1.09904
"exness","EURUSD","2023-06-22 00:07:50.678Z",1.09899,1.09905
"exness","EURUSD","2023-06-22 00:07:51.197Z",1.09899,1.09904
"exness","EURUSD","2023-06-22 00:07:52.272Z",1.099,1.09905
"exness","EURUSD","2023-06-22 00:07:56.331Z",1.09898,1.09904
"exness","EURUSD","2023-06-22 00:07:56.344Z",1.09896,1.09903
"exness","EURUSD","2023-06-22 00:07:56.793Z",1.09898,1.09903
"exness","EURUSD","2023-06-22 00:08:00.369Z",1.09896,1.09903
"exness","EURUSD","2023-06-22 00:08:05.518Z",1.09895,1.09901
"exness","EURUSD","2023-06-22 00:08:13.780Z",1.09895,1.099
"exness","EURUSD","2023-06-22 00:08:18.765Z",1.09895,1.09901
"exness","EURUSD","2023-06-22 00:08:21.495Z",1.09896,1.0990199999999999
"exness","EURUSD","2023-06-22 00:08:22.719Z",1.09897,1.09903
"exness","EURUSD","2023-06-22 00:08:25.926Z",1.09898,1.09903
"exness","EURUSD","2023-06-22 00:08:27.927Z",1.09898,1.09904
"exness","EURUSD","2023-06-22 00:08:29.014Z",1.099,1.09906
"exness","EURUSD","2023-06-22 00:08:30.159Z",1.09899,1.09905
"exness","EURUSD","2023-06-22 00:08:31.167Z",1.09899,1.09904
"exness","EURUSD","2023-06-22 00:08:31.640Z",1.09897,1.09904
"exness","EURUSD","2023-06-22 00:08:31.986Z",1.09896,1.0990199999999999
"exness","EURUSD","2023-06-22 00:08:33.138Z",1.09895,1.09901
"exness","EURUSD","2023-06-22 00:08:37.252Z",1.09897,1.09903
"exness","EURUSD","2023-06-22 00:08:40.293Z",1.09896,1.0990199999999999
"exness","EURUSD","2023-06-22 00:08:41.287Z",1.09896,1.09901
"exness","EURUSD","2023-06-22 00:08:43.935Z",1.09895,1.09901
"exness","EURUSD","2023-06-22 00:08:46.805Z",1.09893,1.09899
"exness","EURUSD","2023-06-22 00:08:46.940Z",1.09892,1.09897
"exness","EURUSD","2023-06-22 00:08:48.124Z",1.09891,1.09898
"exness","EURUSD","2023-06-22 00:08:50.421Z",1.09891,1.09897
"exness","EURUSD","2023-06-22 00:08:51.430Z",1.09891,1.09898
"exness","EURUSD","2023-06-22 00:08:57.982Z",1.09892,1.09898
"exness","EURUSD","2023-06-22 00:09:00.681Z",1.09891,1.09898
"exness","EURUSD","2023-06-22 00:09:01.947Z",1.09891,1.09897
"exness","EURUSD","2023-06-22 00:09:04.075Z",1.09892,1.09899
"exness","EURUSD","2023-06-22 00:09:05.276Z",1.09893,1.09898
"exness","EURUSD","2023-06-22 00:09:07.512Z",1.09892,1.09898
"exness","EURUSD","2023-06-22 00:09:10.044Z",1.09891,1.09897
"exness","EURUSD","2023-06-22 00:09:11.171Z",1.09892,1.09897
"exness","EURUSD","2023-06-22 00:09:14.084Z",1.09891,1.09898
"exness","EURUSD","2023-06-22 00:09:16.340Z",1.09891,1.09897
"exness","EURUSD","2023-06-22 00:09:20.909Z",1.09892,1.09898
"exness","EURUSD","2023-06-22 00:09:21.885Z",1.09892,1.09897
"exness","EURUSD","2023-06-22 00:09:23.185Z",1.09891,1.09898
"exness","EURUSD","2023-06-22 00:09:24.241Z",1.09892,1.09898
"exness","EURUSD","2023-06-22 00:09:29.687Z",1.09891,1.09897
"exness","EURUSD","2023-06-22 00:09:30.768Z",1.09891,1.09896
"exness","EURUSD","2023-06-22 00:09:31.262Z",1.09892,1.09898
"exness","EURUSD","2023-06-22 00:09:35.368Z",1.09893,1.09898
"exness","EURUSD","2023-06-22 00:09:39.069Z",1.09892,1.09898
"exness","EURUSD","2023-06-22 00:09:39.441Z",1.09894,1.099
"exness","EURUSD","2023-06-22 00:09:40.538Z",1.09893,1.09899
"exness","EURUSD","2023-06-22 00:09:42.175Z",1.09892,1.09899
"exness","EURUSD","2023-06-22 00:09:43.320Z",1.09893,1.09898
"exness","EURUSD","2023-06-22 00:09:45.497Z",1.09893,1.099
"exness","EURUSD","2023-06-22 00:09:46.625Z",1.09894,1.09901
"exness","EURUSD","2023-06-22 00:09:48.148Z",1.09895,1.09901
"exness","EURUSD","2023-06-22 00:09:49.595Z",1.09896,1.09903
"exness","EURUSD","2023-06-22 00:09:49.631Z",1.09898,1.09904
"exness","EURUSD","2023-06-22 00:09:49.959Z",1.099,1.09905
"exness","EURUSD","2023-06-22 00:09:49.970Z",1.099,1.09907
"exness","EURUSD","2023-06-22 00:09:50.000Z",1.0990199999999999,1.09908
"exness","EURUSD","2023-06-22 00:09:51.017Z",1.09901,1.09908
"exness","EURUSD","2023-06-22 00:09:51.246Z",1.09903,1.09909
"exness","EURUSD","2023-06-22 00:09:52.938Z",1.09904,1.0991
"exness","EURUSD","2023-06-22 00:09:54.829Z",1.09906,1.09911
"exness","EURUSD","2023-06-22 00:09:56.005Z",1.09905,1.09911
"exness","EURUSD","2023-06-22 00:09:56.027Z",1.09903,1.0991
"exness","EURUSD","2023-06-22 00:09:56.064Z",1.0990199999999999,1.09908
"exness","EURUSD","2023-06-22 00:09:56.326Z",1.0990199999999999,1.09907
"exness","EURUSD","2023-06-22 00:09:58.333Z",1.09901,1.09907
"exness","EURUSD","2023-06-22 00:09:58.743Z",1.099,1.09905
"exness","EURUSD","2023-06-22 00:10:00.129Z",1.099,1.09906
"exness","EURUSD","2023-06-22 00:10:01.648Z",1.09901,1.09907
"exness","EURUSD","2023-06-22 00:10:03.309Z",1.099,1.09906
"exness","EURUSD","2023-06-22 00:10:05.739Z",1.0990199999999999,1.09907
"exness","EURUSD","2023-06-22 00:10:10.355Z",1.09901,1.09907
"exness","EURUSD","2023-06-22 00:10:24.039Z",1.09901,1.09908
"exness","EURUSD","2023-06-22 00:10:29.582Z",1.09901,1.09907
"exness","EURUSD","2023-06-22 00:10:30.600Z",1.099,1.09906
"exness","EURUSD","2023-06-22 00:10:32.826Z",1.09901,1.09906
"exness","EURUSD","2023-06-22 00:10:33.673Z",1.09899,1.09905
"exness","EURUSD","2023-06-22 00:10:33.879Z",1.09899,1.09904
"exness","EURUSD","2023-06-22 00:10:34.077Z",1.09897,1.09903
"exness","EURUSD","2023-06-22 00:10:34.421Z",1.09896,1.09901
"exness","EURUSD","2023-06-22 00:10:35.110Z",1.09897,1.09903
"exness","EURUSD","2023-06-22 00:10:35.124Z",1.09898,1.09905
"exness","EURUSD","2023-06-22 00:10:36.172Z",1.09899,1.09904
"exness","EURUSD","2023-06-22 00:10:38.661Z",1.09898,1.09904
"exness","EURUSD","2023-06-22 00:10:39.032Z",1.09899,1.09905
"exness","EURUSD","2023-06-22 00:10:40.037Z",1.099,1.09905
"exness","EURUSD","2023-06-22 00:10:41.228Z",1.09899,1.09906
"exness","EURUSD","2023-06-22 00:10:45.586Z",1.09898,1.09905
"exness","EURUSD","2023-06-22 00:10:51.647Z",1.09899,1.09905
"exness","EURUSD","2023-06-22 00:10:55.047Z",1.09899,1.09906
"exness","EURUSD","2023-06-22 00:10:56.133Z",1.09899,1.09905
"exness","EURUSD","2023-06-22 00:11:04.710Z",1.09897,1.09904
"exness","EURUSD","2023-06-22 00:11:04.730Z",1.09896,1.0990199999999999
"exness","EURUSD","2023-06-22 00:11:04.912Z",1.09895,1.099
"exness","EURUSD","2023-06-22 00:11:04.955Z",1.09894,1.099
"exness","EURUSD","2023-06-22 00:11:06.399Z",1.09894,1.09899
"exness","EURUSD","2023-06-22 00:11:06.932Z",1.09892,1.09899
"exness","EURUSD","2023-06-22 00:11:07.084Z",1.09891,1.09897
"exness","EURUSD","2023-06-22 00:11:15.940Z",1.09891,1.09898
"exness","EURUSD","2023-06-22 00:11:15.957Z",1.09893,1.09899
"exness","EURUSD","2023-06-22 00:11:16.085Z",1.09894,1.09901
"exness","EURUSD","2023-06-22 00:11:18.363Z",1.09894,1.099
"exness","EURUSD","2023-06-22 00:11:20.651Z",1.09895,1.099
"exness","EURUSD","2023-06-22 00:11:23.443Z",1.09894,1.09899
"exness","EURUSD","2023-06-22 00:11:28.011Z",1.09894,1.099
"exness","EURUSD","2023-06-22 00:11:42.022Z",1.09892,1.09898
"exness","EURUSD","2023-06-22 00:11:42.051Z",1.09891,1.09897
"exness","EURUSD","2023-06-22 00:11:43.478Z",1.09891,1.09896
"exness","EURUSD","2023-06-22 00:11:45.626Z",1.0989,1.09896
"exness","EURUSD","2023-06-22 00:11:46.094Z",1.09888,1.09895
"exness","EURUSD","2023-06-22 00:11:46.142Z",1.09888,1.09893
"exness","EURUSD","2023-06-22 00:11:46.730Z",1.09888,1.09894
"exness","EURUSD","2023-06-22 00:11:47.298Z",1.0989,1.09895
"exness","EURUSD","2023-06-22 00:11:48.514Z",1.09889,1.09895
"exness","EURUSD","2023-06-22 00:11:49.481Z",1.09888,1.09894
"exness","EURUSD","2023-06-22 00:11:50.616Z",1.09887,1.09893
"exness","EURUSD","2023-06-22 00:11:51.622Z",1.09888,1.09893
"exness","EURUSD","2023-06-22 00:11:52.499Z",1.09886,1.09892
"exness","EURUSD","2023-06-22 00:11:52.718Z",1.09887,1.09894
"exness","EURUSD","2023-06-22 00:11:53.726Z",1.09888,1.09894
"exness","EURUSD","2023-06-22 00:11:55.234Z",1.09888,1.09895
"exness","EURUSD","2023-06-22 00:11:56.716Z",1.09887,1.09893
"exness","EURUSD","2023-06-22 00:11:59.834Z",1.09886,1.09892
"exness","EURUSD","2023-06-22 00:12:08.855Z",1.09885,1.09892
"exness","EURUSD","2023-06-22 00:12:08.879Z",1.09884,1.0989
"exness","EURUSD","2023-06-22 00:12:09.047Z",1.09886,1.09892
"exness","EURUSD","2023-06-22 00:12:09.068Z",1.09887,1.09893
"exness","EURUSD","2023-06-22 00:12:09.136Z",1.09889,1.09895
"exness","EURUSD","2023-06-22 00:12:09.536Z",1.0989,1.09896
"exness","EURUSD","2023-06-22 00:12:11.540Z",1.09891,1.09896
"exness","EURUSD","2023-06-22 00:12:12.740Z",1.09891,1.09898
"exness","EURUSD","2023-06-22 00:12:12.776Z",1.09893,1.09899
"exness","EURUSD","2023-06-22 00:12:13.393Z",1.09891,1.09897
"exness","EURUSD","2023-06-22 00:12:13.425Z",1.0989,1.09896
"exness","EURUSD","2023-06-22 00:12:14.181Z",1.09891,1.09897
"exness","EURUSD","2023-06-22 00:12:14.523Z",1.09893,1.09898
"exness","EURUSD","2023-06-22 00:12:15.226Z",1.09894,1.099
"exness","EURUSD","2023-06-22 00:12:18.857Z",1.09893,1.09899
"exness","EURUSD","2023-06-22 00:12:21.140Z",1.09894,1.099
"exness","EURUSD","2023-06-22 00:12:27.344Z",1.09895,1.099
"exness","EURUSD","2023-06-22 00:12:34.108Z",1.09894,1.09901
"exness","EURUSD","2023-06-22 00:12:52.534Z",1.09895,1.09901
"exness","EURUSD","2023-06-22 00:12:56.124Z",1.09896,1.0990199999999999
"exness","EURUSD","2023-06-22 00:12:56.151Z",1.09898,1.09904
"exness","EURUSD","2023-06-22 00:12:56.178Z",1.09899,1.09905
"exness","EURUSD","2023-06-22 00:12:56.226Z",1.09899,1.09904
"exness","EURUSD","2023-06-22 00:12:56.252Z",1.09897,1.09903
"exness","EURUSD","2023-06-22 00:12:57.600Z",1.09896,1.0990199999999999
"exness","EURUSD","2023-06-22 00:12:58.661Z",1.09895,1.0990199999999999
"exness","EURUSD","2023-06-22 00:12:59.804Z",1.09895,1.09901
"exness","EURUSD","2023-06-22 00:13:04.514Z",1.09896,1.0990199999999999
"exness","EURUSD","2023-06-22 00:13:09.456Z",1.09895,1.0990199999999999
"exness","EURUSD","2023-06-22 00:13:13.405Z",1.09896,1.0990199999999999
"exness","EURUSD","2023-06-22 00:13:14.750Z",1.09895,1.0990199999999999
"exness","EURUSD","2023-06-22 00:13:18.247Z",1.09895,1.09901
"exness","EURUSD","2023-06-22 00:13:20.986Z",1.09897,1.09903
"exness","EURUSD","2023-06-22 00:13:22.222Z",1.09897,1.0990199999999999
"exness","EURUSD","2023-06-22 00:13:26.038Z",1.09896,1.0990199999999999
"exness","EURUSD","2023-06-22 00:13:28.869Z",1.09897,1.0990199999999999
"exness","EURUSD","2023-06-22 00:13:31.431Z",1.09896,1.0990199999999999
"exness","EURUSD","2023-06-22 00:13:46.973Z",1.09897,1.0990199999999999
"exness","EURUSD","2023-06-22 00:13:48.822Z",1.09897,1.09903
"exness","EURUSD","2023-06-22 00:13:48.867Z",1.09899,1.09905
"exness","EURUSD","2023-06-22 00:13:52.014Z",1.099,1.09905
"exness","EURUSD","2023-06-22 00:13:52.056Z",1.09898,1.09904
"exness","EURUSD","2023-06-22 00:13:52.140Z",1.09898,1.09903
"exness","EURUSD","2023-06-22 00:13:52.643Z",1.09896,1.0990199999999999
"exness","EURUSD","2023-06-22 00:13:53.665Z",1.09896,1.09901
"exness","EURUSD","2023-06-22 00:13:54.665Z",1.09896,1.0990199999999999
"exness","EURUSD","2023-06-22 00:13:56.631Z",1.09894,1.099
"exness","EURUSD","2023-06-22 00:13:57.703Z",1.09895,1.099
"exness","EURUSD","2023-06-22 00:13:57.733Z",1.09893,1.09899
"exness","EURUSD","2023-06-22 00:13:57.757Z",1.09892,1.09898
"exness","EURUSD","2023-06-22 00:13:57.933Z",1.09891,1.09896
"exness","EURUSD","2023-06-22 00:13:58.255Z",1.0989,1.09896
"exness","EURUSD","2023-06-22 00:13:59.256Z",1.09889,1.09895
"exness","EURUSD","2023-06-22 00:13:59.286Z",1.09888,1.09894
"exness","EURUSD","2023-06-22 00:13:59.337Z",1.09889,1.09894
"exness","EURUSD","2023-06-22 00:14:03.898Z",1.09888,1.09894
"exness","EURUSD","2023-06-22 00:14:06.011Z",1.09889,1.09895
"exness","EURUSD","2023-06-22 00:14:07.768Z",1.09889,1.09894
"exness","EURUSD","2023-06-22 00:14:11.505Z",1.09889,1.09895
"exness","EURUSD","2023-06-22 00:14:12.682Z",1.09889,1.09896
"exness","EURUSD","2023-06-22 00:14:22.377Z",1.09888,1.09894
"exness","EURUSD","2023-06-22 00:14:23.448Z",1.09887,1.09893
"exness","EURUSD","2023-06-22 00:14:24.883Z",1.09887,1.09892
"exness","EURUSD","2023-06-22 00:14:32.803Z",1.09887,1.09893
"exness","EURUSD","2023-06-22 00:14:35.863Z",1.09888,1.09894
"exness","EURUSD","2023-06-22 00:14:37.282Z",1.09888,1.09893
"exness","EURUSD","2023-06-22 00:14:37.514Z",1.09889,1.09895
"exness","EURUSD","2023-06-22 00:14:38.705Z",1.09889,1.09896
"exness","EURUSD","2023-06-22 00:14:47.678Z",1.09891,1.09897
"exness","EURUSD","2023-06-22 00:14:47.708Z",1.09893,1.09899
"exness","EURUSD","2023-06-22 00:14:48.007Z",1.09894,1.099
"exness","EURUSD","2023-06-22 00:14:49.469Z",1.09894,1.09901
"exness","EURUSD","2023-06-22 00:14:49.499Z",1.09893,1.09899
"exness","EURUSD","2023-06-22 00:14:50.228Z",1.09894,1.09901
"exness","EURUSD","2023-06-22 00:14:50.469Z",1.09896,1.0990199999999999
"exness","EURUSD","2023-06-22 00:14:50.497Z",1.09897,1.09904
"exness","EURUSD","2023-06-22 00:14:51.915Z",1.09899,1.09904
"exness","EURUSD","2023-06-22 00:14:53.795Z",1.099,1.09905
"exness","EURUSD","2023-06-22 00:14:54.770Z",1.099,1.09906
"exness","EURUSD","2023-06-22 00:14:54.782Z",1.09901,1.09908
"exness","EURUSD","2023-06-22 00:14:55.327Z",1.099,1.09906
"exness","EURUSD","2023-06-22 00:14:55.367Z",1.09898,1.09904
"exness","EURUSD","2023-06-22 00:14:57.473Z",1.09899,1.09904
"exness","EURUSD","2023-06-22 00:15:02.163Z",1.09898,1.09905
"exness","EURUSD","2023-06-22 00:15:03.535Z",1.09899,1.09905
"exness","EURUSD","2023-06-22 00:15:04.387Z",1.099,1.09906
"exness","EURUSD","2023-06-22 00:15:04.407Z",1.0990199999999999,1.09908
"exness","EURUSD","2023-06-22 00:15:04.591Z",1.09903,1.09909
"exness","EURUSD","2023-06-22 00:15:05.845Z",1.09903,1.0991
"exness","EURUSD","2023-06-22 00:15:07.018Z",1.09903,1.09909
"exness","EURUSD","2023-06-22 00:15:08.034Z",1.09904,1.0991
"exness","EURUSD","2023-06-22 00:15:09.131Z",1.09903,1.09908
"exness","EURUSD","2023-06-22 00:15:11.736Z",1.09903,1.09909
"exness","EURUSD","2023-06-22 00:15:19.013Z",1.09901,1.09907
"exness","EURUSD","2023-06-22 00:15:20.875Z",1.09903,1.09909
"exness","EURUSD","2023-06-22 00:15:23.457Z",1.09903,1.09908
"exness","EURUSD","2023-06-22 00:15:24.455Z",1.09903,1.09909
"exness","EURUSD","2023-06-22 00:15:26.006Z",1.0990199999999999,1.09909
"exness","EURUSD","2023-06-22 00:15:27.138Z",1.09903,1.09909
"exness","EURUSD","2023-06-22 00:15:29.574Z",1.09903,1.0991
"exness","EURUSD","2023-06-22 00:15:29.746Z",1.09903,1.09908
"exness","EURUSD","2023-06-22 00:15:33.504Z",1.09903,1.0991
"exness","EURUSD","2023-06-22 00:15:36.633Z",1.09904,1.0991
"exness","EURUSD","2023-06-22 00:15:36.684Z",1.0990199999999999,1.09908
"exness","EURUSD","2023-06-22 00:15:37.865Z",1.09901,1.09908
"exness","EURUSD","2023-06-22 00:15:39.710Z",1.09901,1.09906
"exness","EURUSD","2023-06-22 00:15:40.659Z",1.099,1.09906
"exness","EURUSD","2023-06-22 00:15:42.745Z",1.09901,1.09907
"exness","EURUSD","2023-06-22 00:15:43.750Z",1.09901,1.09908
"exness","EURUSD","2023-06-22 00:15:45.977Z",1.099,1.09906
"exness","EURUSD","2023-06-22 00:15:46.452Z",1.09898,1.09905
"exness","EURUSD","2023-06-22 00:15:47.513Z",1.09899,1.09904
"exness","EURUSD","2023-06-22 00:15:49.747Z",1.09898,1.09904
"exness","EURUSD","2023-06-22 00:15:56.470Z",1.099,1.09905
"exness","EURUSD","2023-06-22 00:15:56.783Z",1.099,1.09906
"exness","EURUSD","2023-06-22 00:15:58.094Z",1.09901,1.09908
"exness","EURUSD","2023-06-22 00:16:00.189Z",1.0990199999999999,1.09907
"exness","EURUSD","2023-06-22 00:16:04.346Z",1.09903,1.09909
"exness","EURUSD","2023-06-22 00:16:05.518Z",1.09904,1.0991
"exness","EURUSD","2023-06-22 00:16:10.560Z",1.09904,1.09909
"exness","EURUSD","2023-06-22 00:16:17.498Z",1.09905,1.0991
"exness","EURUSD","2023-06-22 00:16:20.189Z",1.09904,1.09909
"exness","EURUSD","2023-06-22 00:16:27.064Z",1.09904,1.0991
"exness","EURUSD","2023-06-22 00:16:31.836Z",1.09903,1.09909
"exness","EURUSD","2023-06-22 00:16:36.661Z",1.09903,1.09908
"exness","EURUSD","2023-06-22 00:16:36.893Z",1.09903,1.0991
"exness","EURUSD","2023-06-22 00:16:41.364Z",1.09904,1.0991
"exness","EURUSD","2023-06-22 00:16:41.425Z",1.09905,1.09912
"exness","EURUSD","2023-06-22 00:16:42.467Z",1.09906,1.09912
"exness","EURUSD","2023-06-22 00:16:45.510Z",1.09907,1.09914
"exness","EURUSD","2023-06-22 00:16:46.618Z",1.09908,1.09915
"exness","EURUSD","2023-06-22 00:16:47.960Z",1.09907,1.09913
"exness","EURUSD","2023-06-22 00:16:47.988Z",1.09905,1.09912
"exness","EURUSD","2023-06-22 00:16:48.932Z",1.09905,1.0991
"exness","EURUSD","2023-06-22 00:16:56.883Z",1.09903,1.09909
"exness","EURUSD","2023-06-22 00:17:00.657Z",1.09903,1.09908
"exness","EURUSD","2023-06-22 00:17:01.854Z",1.0990199999999999,1.09908
"exness","EURUSD","2023-06-22 00:17:04.199Z",1.0990199999999999,1.09909
"exness","EURUSD","2023-06-22 00:17:06.014Z",1.0990199999999999,1.09908
"exness","EURUSD","2023-06-22 00:17:09.344Z",1.09903,1.0991
"exness","EURUSD","2023-06-22 00:17:42.056Z",1.09891,1.09897
"exness","EURUSD","2023-06-22 00:17:42.628Z",1.09892,1.09898
"exness","EURUSD","2023-06-22 00:17:45.016Z",1.09891,1.09898
"exness","EURUSD","2023-06-22 00:17:48.573Z",1.0989,1.09896
"exness","EURUSD","2023-06-22 00:17:49.708Z",1.09889,1.09895
"exness","EURUSD","2023-06-22 00:17:50.602Z",1.09888,1.09894
"exness","EURUSD","2023-06-22 00:17:50.743Z",1.09887,1.09892
"exness","EURUSD","2023-06-22 00:17:51.784Z",1.09887,1.09893
"exness","EURUSD","2023-06-22 00:17:54.871Z",1.09888,1.09895
"exness","EURUSD","2023-06-22 00:17:55.464Z",1.0989,1.09896
"exness","EURUSD","2023-06-22 00:17:56.853Z",1.0989,1.09897
"exness","EURUSD","2023-06-22 00:18:00.229Z",1.09891,1.09896
"exness","EURUSD","2023-06-22 00:18:00.774Z",1.09889,1.09895
"exness","EURUSD","2023-06-22 00:18:02.237Z",1.09888,1.09893
"exness","EURUSD","2023-06-22 00:18:02.868Z",1.09886,1.09893
"exness","EURUSD","2023-06-22 00:18:02.892Z",1.09886,1.09891
"exness","EURUSD","2023-06-22 00:18:03.922Z",1.09886,1.09892
"exness","EURUSD","2023-06-22 00:18:11.559Z",1.09885,1.09892
"exness","EURUSD","2023-06-22 00:18:12.688Z",1.09886,1.09892
"exness","EURUSD","2023-06-22 00:18:37.940Z",1.09886,1.09891
"exness","EURUSD","2023-06-22 00:18:43.362Z",1.09885,1.09891
"exness","EURUSD","2023-06-22 00:18:43.453Z",1.09883,1.0989
"exness","EURUSD","2023-06-22 00:18:43.589Z",1.09882,1.09888
"exness","EURUSD","2023-06-22 00:18:44.623Z",1.09881,1.09888
"exness","EURUSD","2023-06-22 00:18:45.742Z",1.09882,1.09887
"exness","EURUSD","2023-06-22 00:18:46.925Z",1.09881,1.09887
"exness","EURUSD","2023-06-22 00:18:51.027Z",1.0988,1.09886
"exness","EURUSD","2023-06-22 00:18:51.138Z",1.09879,1.09884
"exness","EURUSD","2023-06-22 00:18:51.248Z",1.09878,1.09884
"exness","EURUSD","2023-06-22 00:18:52.254Z",1.09878,1.09883
"exness","EURUSD","2023-06-22 00:18:53.802Z",1.09878,1.09884
"exness","EURUSD","2023-06-22 00:18:54.500Z",1.0988,1.09885
"exness","EURUSD","2023-06-22 00:18:54.536Z",1.0988,1.09886
"exness","EURUSD","2023-06-22 00:18:55.570Z",1.09881,1.09887
"exness","EURUSD","2023-06-22 00:19:00.241Z",1.09881,1.09886
"exness","EURUSD","2023-06-22 00:19:01.483Z",1.0988,1.09886
"exness","EURUSD","2023-06-22 00:19:03.558Z",1.0988,1.09887
"exness","EURUSD","2023-06-22 00:19:09.475Z",1.09881,1.09887
"exness","EURUSD","2023-06-22 00:19:09.906Z",1.09882,1.09888
"exness","EURUSD","2023-06-22 00:19:09.941Z",1.09884,1.0989
"exness","EURUSD","2023-06-22 00:19:11.689Z",1.09885,1.0989
"exness","EURUSD","2023-06-22 00:19:12.915Z",1.09883,1.09889
"exness","EURUSD","2023-06-22 00:19:13.749Z",1.09881,1.09888
"exness","EURUSD","2023-06-22 00:19:14.675Z",1.09881,1.09886
"exness","EURUSD","2023-06-22 00:19:18.775Z",1.0988,1.09886
"exness","EURUSD","2023-06-22 00:19:21.650Z",1.09879,1.09885
"exness","EURUSD","2023-06-22 00:19:22.699Z",1.0988,1.09886
"exness","EURUSD","2023-06-22 00:19:24.249Z",1.09879,1.09886
"exness","EURUSD","2023-06-22 00:19:25.259Z",1.0988,1.09886
"exness","EURUSD","2023-06-22 00:19:26.446Z",1.09881,1.09886
"exness","EURUSD","2023-06-22 00:19:29.833Z",1.0988,1.09886
"exness","EURUSD","2023-06-22 00:19:32.127Z",1.09881,1.09887
"exness","EURUSD","2023-06-22 00:19:33.458Z",1.0988,1.09886
"exness","EURUSD","2023-06-22 00:19:38.407Z",1.09882,1.09888
"exness","EURUSD","2023-06-22 00:19:41.274Z",1.09881,1.09887
"exness","EURUSD","2023-06-22 00:19:43.101Z",1.09882,1.09887
"exness","EURUSD","2023-06-22 00:19:46.015Z",1.09881,1.09887
"exness","EURUSD","2023-06-22 00:19:51.038Z",1.09881,1.09888
"exness","EURUSD","2023-06-22 00:19:52.045Z",1.09881,1.09887
"exness","EURUSD","2023-06-22 00:19:57.441Z",1.09883,1.09889
"exness","EURUSD","2023-06-22 00:19:58.583Z",1.09883,1.09888
"exness","EURUSD","2023-06-22 00:20:00.219Z",1.09883,1.09889
"exness","EURUSD","2023-06-22 00:20:01.440Z",1.09882,1.09889
"exness","EURUSD","2023-06-22 00:20:03.809Z",1.09882,1.09888
"exness","EURUSD","2023-06-22 00:20:10.332Z",1.09881,1.09887
"exness","EURUSD","2023-06-22 00:20:15.474Z",1.09881,1.09886
"exness","EURUSD","2023-06-22 00:20:23.959Z",1.09882,1.09887
"exness","EURUSD","2023-06-22 00:20:25.017Z",1.09881,1.09887
"exness","EURUSD","2023-06-22 00:20:31.554Z",1.0988,1.09886
"exness","EURUSD","2023-06-22 00:20:43.986Z",1.09879,1.09885
"exness","EURUSD","2023-06-22 00:20:44.031Z",1.09877,1.09883
"exness","EURUSD","2023-06-22 00:20:44.153Z",1.09877,1.09882
"exness","EURUSD","2023-06-22 00:20:44.227Z",1.09875,1.09881
"exness","EURUSD","2023-06-22 00:20:46.003Z",1.09874,1.0988
"exness","EURUSD","2023-06-22 00:20:50.041Z",1.09873,1.09879
"exness","EURUSD","2023-06-22 00:20:57.254Z",1.09873,1.0988
"exness","EURUSD","2023-06-22 00:20:58.261Z",1.09874,1.09881
"exness","EURUSD","2023-06-22 00:20:59.285Z",1.09875,1.0988
"exness","EURUSD","2023-06-22 00:21:01.086Z",1.09874,1.09881
"exness","EURUSD","2023-06-22 00:21:03.698Z",1.09876,1.09882
"exness","EURUSD","2023-06-22 00:21:03.792Z",1.09877,1.09884
"exness","EURUSD","2023-06-22 00:21:05.553Z",1.0988,1.09885
"exness","EURUSD","2023-06-22 00:21:07.841Z",1.0988,1.09886
"exness","EURUSD","2023-06-22 00:21:07.995Z",1.09882,1.09887
"exness","EURUSD","2023-06-22 00:21:08.571Z",1.09882,1.09888
"exness","EURUSD","2023-06-22 00:21:08.721Z",1.09883,1.0989
"exness","EURUSD","2023-06-22 00:21:09.654Z",1.09885,1.0989
"exness","EURUSD","2023-06-22 00:21:10.717Z",1.09884,1.0989
"exness","EURUSD","2023-06-22 00:21:16.374Z",1.09886,1.09892
"exness","EURUSD","2023-06-22 00:21:16.394Z",1.09887,1.09894
"exness","EURUSD","2023-06-22 00:21:23.672Z",1.09887,1.09893
"exness","EURUSD","2023-06-22 00:21:25.725Z",1.09888,1.09893
"exness","EURUSD","2023-06-22 00:21:29.269Z",1.09887,1.09893
"exness","EURUSD","2023-06-22 00:21:31.450Z",1.09885,1.09892
"exness","EURUSD","2023-06-22 00:21:34.727Z",1.09886,1.09891
"exness","EURUSD","2023-06-22 00:21:39.677Z",1.09885,1.09891
"exness","EURUSD","2023-06-22 00:21:40.741Z",1.09885,1.09892
"exness","EURUSD","2023-06-22 00:21:49.493Z",1.09885,1.09891
"exness","EURUSD","2023-06-22 00:21:51.610Z",1.09885,1.09892
"exness","EURUSD","2023-06-22 00:21:54.901Z",1.09886,1.09892
"exness","EURUSD","2023-06-22 00:22:08.866Z",1.09885,1.09891
"exness","EURUSD","2023-06-22 00:22:22.295Z",1.09886,1.09892
"exness","EURUSD","2023-06-22 00:22:26.309Z",1.09886,1.09891
"exness","EURUSD","2023-06-22 00:22:30.548Z",1.09885,1.09891
"exness","EURUSD","2023-06-22 00:22:40.328Z",1.09885,1.0989
"exness","EURUSD","2023-06-22 00:22:50.090Z",1.09884,1.0989
"exness","EURUSD","2023-06-22 00:22:50.184Z",1.09882,1.09888
"exness","EURUSD","2023-06-22 00:22:50.286Z",1.09881,1.09886
"exness","EURUSD","2023-06-22 00:22:52.381Z",1.0988,1.09886
"exness","EURUSD","2023-06-22 00:22:53.413Z",1.0988,1.09887
"exness","EURUSD","2023-06-22 00:22:54.422Z",1.0988,1.09886
"exness","EURUSD","2023-06-22 00:23:01.580Z",1.09881,1.09887
"exness","EURUSD","2023-06-22 00:23:11.551Z",1.0988,1.09886
"exness","EURUSD","2023-06-22 00:23:12.580Z",1.09881,1.09886
"exness","EURUSD","2023-06-22 00:23:14.109Z",1.09881,1.09887
"exness","EURUSD","2023-06-22 00:23:15.767Z",1.09882,1.09888
"exness","EURUSD","2023-06-22 00:23:21.037Z",1.0988,1.09887
"exness","EURUSD","2023-06-22 00:23:21.068Z",1.09879,1.09885
"exness","EURUSD","2023-06-22 00:23:22.239Z",1.0988,1.09885
"exness","EURUSD","2023-06-22 00:23:23.676Z",1.09878,1.09884
"exness","EURUSD","2023-06-22 00:23:23.689Z",1.09877,1.09882
"exness","EURUSD","2023-06-22 00:23:23.755Z",1.09876,1.09882
"exness","EURUSD","2023-06-22 00:23:23.871Z",1.09875,1.0988
"exness","EURUSD","2023-06-22 00:23:23.912Z",1.09874,1.0988
"exness","EURUSD","2023-06-22 00:23:25.185Z",1.09874,1.09879
"exness","EURUSD","2023-06-22 00:23:26.203Z",1.09873,1.0988
"exness","EURUSD","2023-06-22 00:23:34.087Z",1.09874,1.0988
"exness","EURUSD","2023-06-22 00:23:39.069Z",1.09872,1.09879
"exness","EURUSD","2023-06-22 00:23:39.600Z",1.09872,1.09877
"exness","EURUSD","2023-06-22 00:23:40.832Z",1.09871,1.09876
"exness","EURUSD","2023-06-22 00:23:42.142Z",1.09871,1.09877
"exness","EURUSD","2023-06-22 00:23:42.941Z",1.09872,1.09879
"exness","EURUSD","2023-06-22 00:23:44.445Z",1.09873,1.09878
"exness","EURUSD","2023-06-22 00:23:46.974Z",1.09872,1.09877
"exness","EURUSD","2023-06-22 00:23:51.345Z",1.09873,1.09879
"exness","EURUSD","2023-06-22 00:23:51.658Z",1.09875,1.0988
"exness","EURUSD","2023-06-22 00:24:03.723Z",1.09874,1.09881
"exness","EURUSD","2023-06-22 00:24:07.345Z",1.09874,1.0988
"exness","EURUSD","2023-06-22 00:24:11.698Z",1.09873,1.09879
"exness","EURUSD","2023-06-22 00:24:11.711Z",1.09871,1.09877
"exness","EURUSD","2023-06-22 00:24:13.960Z",1.09872,1.09878
"exness","EURUSD","2023-06-22 00:24:14.025Z",1.09874,1.0988
"exness","EURUSD","2023-06-22 00:24:14.095Z",1.09875,1.09881
"exness","EURUSD","2023-06-22 00:24:15.099Z",1.09875,1.0988
"exness","EURUSD","2023-06-22 00:24:16.232Z",1.09874,1.0988
"exness","EURUSD","2023-06-22 00:24:30.046Z",1.09874,1.09881
"exness","EURUSD","2023-06-22 00:24:32.064Z",1.09875,1.09881
"exness","EURUSD","2023-06-22 00:24:32.092Z",1.09877,1.09883
"exness","EURUSD","2023-06-22 00:24:32.165Z",1.09878,1.09885
"exness","EURUSD","2023-06-22 00:24:33.275Z",1.09879,1.09885
"exness","EURUSD","2023-06-22 00:24:35.369Z",1.0988,1.09885
"exness","EURUSD","2023-06-22 00:24:40.110Z",1.09881,1.09886
"exness","EURUSD","2023-06-22 00:24:41.156Z",1.0988,1.09886
"exness","EURUSD","2023-06-22 00:24:42.258Z",1.09881,1.09887
"exness","EURUSD","2023-06-22 00:24:45.405Z",1.09882,1.09889
"exness","EURUSD","2023-06-22 00:24:46.909Z",1.09882,1.09888
"exness","EURUSD","2023-06-22 00:24:53.419Z",1.09881,1.09888
"exness","EURUSD","2023-06-22 00:25:00.411Z",1.09881,1.09887
"exness","EURUSD","2023-06-22 00:25:15.400Z",1.0988,1.09887
"exness","EURUSD","2023-06-22 00:25:16.996Z",1.0988,1.09886
"exness","EURUSD","2023-06-22 00:25:21.828Z",1.0988,1.09887
"exness","EURUSD","2023-06-22 00:25:22.906Z",1.0988,1.09886
"exness","EURUSD","2023-06-22 00:25:32.610Z",1.0988,1.09887
"exness","EURUSD","2023-06-22 00:25:36.856Z",1.09881,1.09888
"exness","EURUSD","2023-06-22 00:25:38.012Z",1.09882,1.09887
"exness","EURUSD","2023-06-22 00:25:39.271Z",1.09881,1.09888
"exness","EURUSD","2023-06-22 00:25:41.872Z",1.09881,1.09887
"exness","EURUSD","2023-06-22 00:25:46.564Z",1.09882,1.09887
"exness","EURUSD","2023-06-22 00:25:50.248Z",1.09881,1.09886
"exness","EURUSD","2023-06-22 00:25:55.547Z",1.09881,1.09887
"exness","EURUSD","2023-06-22 00:26:00.914Z",1.09881,1.09888
"exness","EURUSD","2023-06-22 00:26:01.919Z",1.09881,1.09887
"exness","EURUSD","2023-06-22 00:26:05.756Z",1.09881,1.09888
"exness","EURUSD","2023-06-22 00:26:08.753Z",1.09881,1.09887
"exness","EURUSD","2023-06-22 00:26:12.105Z",1.09882,1.09887
"exness","EURUSD","2023-06-22 00:26:13.249Z",1.09881,1.09888
"exness","EURUSD","2023-06-22 00:26:14.278Z",1.09883,1.09889
"exness","EURUSD","2023-06-22 00:26:15.837Z",1.09882,1.09889
"exness","EURUSD","2023-06-22 00:26:18.268Z",1.09882,1.09888
"exness","EURUSD","2023-06-22 00:26:33.446Z",1.0988,1.09887
"exness","EURUSD","2023-06-22 00:26:34.449Z",1.0988,1.09886
"exness","EURUSD","2023-06-22 00:26:35.457Z",1.09879,1.09886
"exness","EURUSD","2023-06-22 00:26:35.793Z",1.09878,1.09884
"exness","EURUSD","2023-06-22 00:26:37.599Z",1.09877,1.09883
"exness","EURUSD","2023-06-22 00:26:38.626Z",1.09877,1.09882
"exness","EURUSD","2023-06-22 00:26:40.309Z",1.09876,1.09882
"exness","EURUSD","2023-06-22 00:26:41.327Z",1.09875,1.09881
"exness","EURUSD","2023-06-22 00:26:51.295Z",1.09873,1.09879
"exness","EURUSD","2023-06-22 00:26:51.320Z",1.09872,1.09878
"exness","EURUSD","2023-06-22 00:26:52.469Z",1.09871,1.09878
"exness","EURUSD","2023-06-22 00:26:53.512Z",1.09873,1.09879
"exness","EURUSD","2023-06-22 00:26:53.555Z",1.09874,1.09881
"exness","EURUSD","2023-06-22 00:26:54.023Z",1.09876,1.09882
"exness","EURUSD","2023-06-22 00:26:54.040Z",1.09878,1.09884
"exness","EURUSD","2023-06-22 00:26:54.087Z",1.09879,1.09886
"exness","EURUSD","2023-06-22 00:26:55.322Z",1.0988,1.09885
"exness","EURUSD","2023-06-22 00:26:57.743Z",1.09881,1.09886
"exness","EURUSD","2023-06-22 00:26:57.763Z",1.09881,1.09887
"exness","EURUSD","2023-06-22 00:26:57.889Z",1.09882,1.09887
"exness","EURUSD","2023-06-22 00:27:01.038Z",1.09882,1.09888
"exness","EURUSD","2023-06-22 00:27:02.570Z",1.09881,1.09887
"exness","EURUSD","2023-06-22 00:27:07.008Z",1.09882,1.09888
"exness","EURUSD","2023-06-22 00:27:07.684Z",1.09883,1.09889
"exness","EURUSD","2023-06-22 00:27:11.052Z",1.09884,1.0989
"exness","EURUSD","2023-06-22 00:27:12.124Z",1.09885,1.0989
"exness","EURUSD","2023-06-22 00:27:26.509Z",1.09884,1.0989
"exness","EURUSD","2023-06-22 00:27:41.239Z",1.09882,1.09889
"exness","EURUSD","2023-06-22 00:27:42.257Z",1.09882,1.09888
"exness","EURUSD","2023-06-22 00:27:44.939Z",1.09882,1.09887
"exness","EURUSD","2023-06-22 00:27:48.007Z",1.09881,1.09887
"exness","EURUSD","2023-06-22 00:27:57.471Z",1.0988,1.09887
"exness","EURUSD","2023-06-22 00:27:59.569Z",1.0988,1.09886
"exness","EURUSD","2023-06-22 00:28:18.140Z",1.09882,1.09888
"exness","EURUSD","2023-06-22 00:28:20.886Z",1.09883,1.09888
"exness","EURUSD","2023-06-22 00:28:24.602Z",1.09882,1.09888
"exness","EURUSD","2023-06-22 00:28:28.897Z",1.09883,1.09889
"exness","EURUSD","2023-06-22 00:28:29.928Z",1.09884,1.0989
"exness","EURUSD","2023-06-22 00:28:51.349Z",1.09885,1.0989
"exness","EURUSD","2023-06-22 00:29:03.970Z",1.09884,1.09891
"exness","EURUSD","2023-06-22 00:29:34.820Z",1.09886,1.09892
"exness","EURUSD","2023-06-22 00:29:36.003Z",1.09885,1.09892
"exness","EURUSD","2023-06-22 00:29:39.491Z",1.09886,1.09891
"exness","EURUSD","2023-06-22 00:29:42.031Z",1.09885,1.09891
"exness","EURUSD","2023-06-22 00:29:47.618Z",1.09887,1.09893
"exness","EURUSD","2023-06-22 00:29:48.013Z",1.09886,1.09891
"exness","EURUSD","2023-06-22 00:29:52.075Z",1.09885,1.09891
"exness","EURUSD","2023-06-22 00:29:59.221Z",1.09886,1.09892
"exness","EURUSD","2023-06-22 00:30:06.054Z",1.09885,1.09892
"exness","EURUSD","2023-06-22 00:30:13.347Z",1.09886,1.09891
"exness","EURUSD","2023-06-22 00:30:17.263Z",1.09884,1.0989
"exness","EURUSD","2023-06-22 00:30:18.350Z",1.09885,1.0989
"exness","EURUSD","2023-06-22 00:30:20.600Z",1.09885,1.09891
"exness","EURUSD","2023-06-22 00:30:35.240Z",1.09885,1.0989
"exness","EURUSD","2023-06-22 00:30:36.959Z",1.09886,1.09892
"exness","EURUSD","2023-06-22 00:30:41.144Z",1.09887,1.09892
"exness","EURUSD","2023-06-22 00:30:42.687Z",1.09885,1.09891
"exness","EURUSD","2023-06-22 00:30:43.681Z",1.09884,1.09889
"exness","EURUSD","2023-06-22 00:30:45.889Z",1.09885,1.0989
"exness","EURUSD","2023-06-22 00:30:50.858Z",1.09884,1.0989
"exness","EURUSD","2023-06-22 00:30:59.770Z",1.09885,1.0989
"exness","EURUSD","2023-06-22 00:31:03.926Z",1.09884,1.0989
"exness","EURUSD","2023-06-22 00:31:04.962Z",1.09885,1.0989
"exness","EURUSD","2023-06-22 00:31:07.652Z",1.09883,1.09889
"exness","EURUSD","2023-06-22 00:31:08.884Z",1.09883,1.0989
"exness","EURUSD","2023-06-22 00:31:09.900Z",1.09883,1.09889
"exness","EURUSD","2023-06-22 00:31:11.566Z",1.09884,1.09889
"exness","EURUSD","2023-06-22 00:31:13.253Z",1.09883,1.0989
"exness","EURUSD","2023-06-22 00:31:14.411Z",1.09884,1.0989
"exness","EURUSD","2023-06-22 00:31:19.642Z",1.09883,1.0989
"exness","EURUSD","2023-06-22 00:31:20.647Z",1.09884,1.0989
"exness","EURUSD","2023-06-22 00:31:22.723Z",1.09885,1.0989
"exness","EURUSD","2023-06-22 00:31:26.274Z",1.09884,1.0989
"exness","EURUSD","2023-06-22 00:31:30.632Z",1.09882,1.09889
"exness","EURUSD","2023-06-22 00:31:31.288Z",1.09882,1.09887
"exness","EURUSD","2023-06-22 00:31:32.723Z",1.09881,1.09886
"exness","EURUSD","2023-06-22 00:31:34.546Z",1.09882,1.09887
"exness","EURUSD","2023-06-22 00:31:37.905Z",1.09881,1.09887
"exness","EURUSD","2023-06-22 00:31:49.937Z",1.09882,1.09888
"exness","EURUSD","2023-06-22 00:31:51.434Z",1.09882,1.09889
"exness","EURUSD","2023-06-22 00:31:51.803Z",1.09882,1.09887
"exness","EURUSD","2023-06-22 00:31:52.945Z",1.09881,1.09887
"exness","EURUSD","2023-06-22 00:31:58.136Z",1.09881,1.09888
"exness","EURUSD","2023-06-22 00:32:00.131Z",1.09881,1.09887
"exness","EURUSD","2023-06-22 00:32:01.100Z",1.0988,1.09886
"exness","EURUSD","2023-06-22 00:32:01.182Z",1.09878,1.09884
"exness","EURUSD","2023-06-22 00:32:01.240Z",1.09877,1.09883
"exness","EURUSD","2023-06-22 00:32:02.269Z",1.09877,1.09882
"exness","EURUSD","2023-06-22 00:32:03.059Z",1.09877,1.09884
"exness","EURUSD","2023-06-22 00:32:04.066Z",1.09877,1.09883
"exness","EURUSD","2023-06-22 00:32:05.129Z",1.09877,1.09882
"exness","EURUSD","2023-06-22 00:32:12.977Z",1.09876,1.09883
"exness","EURUSD","2023-06-22 00:32:25.482Z",1.09878,1.09884
"exness","EURUSD","2023-06-22 00:32:26.145Z",1.0988,1.09886
"exness","EURUSD","2023-06-22 00:32:27.726Z",1.09881,1.09887
"exness","EURUSD","2023-06-22 00:32:32.624Z",1.09881,1.09888
"exness","EURUSD","2023-06-22 00:32:33.802Z",1.09882,1.09887
"exness","EURUSD","2023-06-22 00:32:36.346Z",1.09882,1.09889
"exness","EURUSD","2023-06-22 00:32:36.563Z",1.09884,1.09889
"exness","EURUSD","2023-06-22 00:32:37.824Z",1.09884,1.0989
"exness","EURUSD","2023-06-22 00:32:39.382Z",1.09885,1.0989
"exness","EURUSD","2023-06-22 00:32:40.501Z",1.09884,1.0989
"exness","EURUSD","2023-06-22 00:32:48.026Z",1.09883,1.0989
"exness","EURUSD","2023-06-22 00:32:49.693Z",1.09884,1.0989
"exness","EURUSD","2023-06-22 00:32:52.010Z",1.09883,1.0989
"exness","EURUSD","2023-06-22 00:32:53.045Z",1.09884,1.0989
"exness","EURUSD","2023-06-22 00:32:59.481Z",1.09883,1.09889
"exness","EURUSD","2023-06-22 00:33:01.283Z",1.09883,1.09888
"exness","EURUSD","2023-06-22 00:33:03.248Z",1.09882,1.09889
"exness","EURUSD","2023-06-22 00:33:04.302Z",1.09882,1.09888
"exness","EURUSD","2023-06-22 00:33:06.490Z",1.09882,1.09887
"exness","EURUSD","2023-06-22 00:33:18.243Z",1.09882,1.09888
"exness","EURUSD","2023-06-22 00:33:19.265Z",1.09883,1.09888
"exness","EURUSD","2023-06-22 00:33:20.672Z",1.09883,1.09889
"exness","EURUSD","2023-06-22 00:33:23.062Z",1.09882,1.09889
"exness","EURUSD","2023-06-22 00:33:27.158Z",1.09883,1.09889
"exness","EURUSD","2023-06-22 00:33:31.581Z",1.09884,1.0989
"exness","EURUSD","2023-06-22 00:33:34.804Z",1.09885,1.09891
"exness","EURUSD","2023-06-22 00:33:38.626Z",1.09884,1.09891
"exness","EURUSD","2023-06-22 00:33:40.312Z",1.09884,1.0989
"exness","EURUSD","2023-06-22 00:33:52.145Z",1.09885,1.09891
"exness","EURUSD","2023-06-22 00:33:54.674Z",1.09887,1.09892
"exness","EURUSD","2023-06-22 00:33:55.725Z",1.09885,1.09892
"exness","EURUSD","2023-06-22 00:33:59.603Z",1.09885,1.09891
"exness","EURUSD","2023-06-22 00:34:20.850Z",1.09886,1.09892
"exness","EURUSD","2023-06-22 00:34:32.556Z",1.09887,1.09892
"exness","EURUSD","2023-06-22 00:34:33.196Z",1.09887,1.09894
"exness","EURUSD","2023-06-22 00:34:33.228Z",1.09889,1.09895
"exness","EURUSD","2023-06-22 00:34:34.323Z",1.0989,1.09896
"exness","EURUSD","2023-06-22 00:34:35.339Z",1.0989,1.09897
"exness","EURUSD","2023-06-22 00:34:36.248Z",1.0989,1.09895
"exness","EURUSD","2023-06-22 00:34:37.293Z",1.09889,1.09895
"exness","EURUSD","2023-06-22 00:34:42.361Z",1.09888,1.09894
"exness","EURUSD","2023-06-22 00:34:42.394Z",1.09886,1.09892
"exness","EURUSD","2023-06-22 00:34:42.869Z",1.09888,1.09893
"exness","EURUSD","2023-06-22 00:34:44.542Z",1.09887,1.09892
"exness","EURUSD","2023-06-22 00:34:45.770Z",1.09887,1.09893
"exness","EURUSD","2023-06-22 00:34:49.329Z",1.09888,1.09894
"exness","EURUSD","2023-06-22 00:34:53.506Z",1.09889,1.09895
"exness","EURUSD","2023-06-22 00:34:54.587Z",1.09889,1.09894
"exness","EURUSD","2023-06-22 00:34:55.636Z",1.09889,1.09895
"exness","EURUSD","2023-06-22 00:35:00.024Z",1.09889,1.09894
"exness","EURUSD","2023-06-22 00:35:02.037Z",1.09888,1.09894
"exness","EURUSD","2023-06-22 00:35:03.009Z",1.09888,1.09893
"exness","EURUSD","2023-06-22 00:35:07.770Z",1.09887,1.09893
"exness","EURUSD","2023-06-22 00:35:25.308Z",1.09886,1.09892
"exness","EURUSD","2023-06-22 00:35:26.788Z",1.09885,1.09891
"exness","EURUSD","2023-06-22 00:35:28.208Z",1.09885,1.09892
"exness","EURUSD","2023-06-22 00:35:34.449Z",1.09886,1.09891
"exness","EURUSD","2023-06-22 00:35:37.105Z",1.09885,1.09891
"exness","EURUSD","2023-06-22 00:35:43.306Z",1.09885,1.09892
"exness","EURUSD","2023-06-22 00:35:44.400Z",1.09887,1.09893
"exness","EURUSD","2023-06-22 00:35:45.876Z",1.09888,1.09893
"exness","EURUSD","2023-06-22 00:35:48.466Z",1.09889,1.09895
"exness","EURUSD","2023-06-22 00:35:49.469Z",1.09888,1.09895
"exness","EURUSD","2023-06-22 00:35:51.058Z",1.09889,1.09894
"exness","EURUSD","2023-06-22 00:35:52.129Z",1.09887,1.09894
"exness","EURUSD","2023-06-22 00:35:55.003Z",1.09887,1.09893
"exness","EURUSD","2023-06-22 00:35:56.307Z",1.09888,1.09895
"exness","EURUSD","2023-06-22 00:35:57.738Z",1.09888,1.09894
"exness","EURUSD","2023-06-22 00:35:58.812Z",1.09889,1.09894
"exness","EURUSD","2023-06-22 00:35:59.822Z",1.09888,1.09893
"exness","EURUSD","2023-06-22 00:36:01.977Z",1.09888,1.09894
"exness","EURUSD","2023-06-22 00:36:11.221Z",1.09887,1.09894
"exness","EURUSD","2023-06-22 00:36:17.063Z",1.09887,1.09893
"exness","EURUSD","2023-06-22 00:36:19.891Z",1.09889,1.09895
"exness","EURUSD","2023-06-22 00:36:23.066Z",1.09889,1.09896
"exness","EURUSD","2023-06-22 00:36:24.074Z",1.0989,1.09895
"exness","EURUSD","2023-06-22 00:36:28.265Z",1.0989,1.09896
"exness","EURUSD","2023-06-22 00:36:29.859Z",1.09889,1.09895
"exness","EURUSD","2023-06-22 00:36:36.933Z",1.09889,1.09896
"exness","EURUSD","2023-06-22 00:36:37.617Z",1.09888,1.09894
"exness","EURUSD","2023-06-22 00:36:37.641Z",1.09886,1.09892
"exness","EURUSD","2023-06-22 00:36:37.755Z",1.09885,1.09891
"exness","EURUSD","2023-06-22 00:36:38.985Z",1.09884,1.0989
"exness","EURUSD","2023-06-22 00:36:41.876Z",1.09884,1.09891
"exness","EURUSD","2023-06-22 00:36:45.140Z",1.09884,1.0989
"exness","EURUSD","2023-06-22 00:36:46.218Z",1.09883,1.09889
"exness","EURUSD","2023-06-22 00:36:46.545Z",1.09881,1.09887
"exness","EURUSD","2023-06-22 00:36:47.934Z",1.0988,1.09886
"exness","EURUSD","2023-06-22 00:36:55.058Z",1.0988,1.09887
"exness","EURUSD","2023-06-22 00:37:12.944Z",1.09881,1.09887
"exness","EURUSD","2023-06-22 00:37:15.245Z",1.0988,1.09887
"exness","EURUSD","2023-06-22 00:37:15.336Z",1.09879,1.09885
"exness","EURUSD","2023-06-22 00:37:16.506Z",1.09879,1.09884
"exness","EURUSD","2023-06-22 00:37:17.624Z",1.09878,1.09885
"exness","EURUSD","2023-06-22 00:37:19.282Z",1.09879,1.09885
"exness","EURUSD","2023-06-22 00:37:22.877Z",1.09878,1.09885
"exness","EURUSD","2023-06-22 00:37:22.919Z",1.0988,1.09886
"exness","EURUSD","2023-06-22 00:37:23.961Z",1.0988,1.09887
"exness","EURUSD","2023-06-22 00:37:24.523Z",1.09882,1.09887
"exness","EURUSD","2023-06-22 00:37:25.082Z",1.0988,1.09886
"exness","EURUSD","2023-06-22 00:37:26.122Z",1.0988,1.09885
"exness","EURUSD","2023-06-22 00:37:27.496Z",1.0988,1.09886
"exness","EURUSD","2023-06-22 00:37:32.185Z",1.09879,1.09886
"exness","EURUSD","2023-06-22 00:37:34.105Z",1.09878,1.09884
"exness","EURUSD","2023-06-22 00:37:34.184Z",1.09876,1.09882
"exness","EURUSD","2023-06-22 00:37:37.570Z",1.09876,1.09883
"exness","EURUSD","2023-06-22 00:37:38.596Z",1.09877,1.09882
"exness","EURUSD","2023-06-22 00:37:39.660Z",1.09876,1.09882
"exness","EURUSD","2023-06-22 00:37:40.999Z",1.09877,1.09883
"exness","EURUSD","2023-06-22 00:37:42.188Z",1.09876,1.09883
"exness","EURUSD","2023-06-22 00:37:43.192Z",1.09876,1.09882
"exness","EURUSD","2023-06-22 00:37:45.657Z",1.09877,1.09883
"exness","EURUSD","2023-06-22 00:37:49.928Z",1.09877,1.09882
"exness","EURUSD","2023-06-22 00:37:51.086Z",1.09878,1.09883
"exness","EURUSD","2023-06-22 00:37:52.561Z",1.09877,1.09883
"exness","EURUSD","2023-06-22 00:37:55.868Z",1.09878,1.09884
"exness","EURUSD","2023-06-22 00:37:58.060Z",1.09879,1.09885
"exness","EURUSD","2023-06-22 00:37:58.670Z",1.09878,1.09883
"exness","EURUSD","2023-06-22 00:37:59.855Z",1.09879,1.09884
"exness","EURUSD","2023-06-22 00:38:02.202Z",1.09878,1.09884
"exness","EURUSD","2023-06-22 00:38:02.900Z",1.09877,1.09883
"exness","EURUSD","2023-06-22 00:38:03.018Z",1.09875,1.09881
"exness","EURUSD","2023-06-22 00:38:04.073Z",1.09874,1.0988
"exness","EURUSD","2023-06-22 00:38:04.102Z",1.09872,1.09878
"exness","EURUSD","2023-06-22 00:38:05.407Z",1.09871,1.09878
"exness","EURUSD","2023-06-22 00:38:12.905Z",1.09872,1.09878
"exness","EURUSD","2023-06-22 00:38:13.781Z",1.09873,1.09879
"exness","EURUSD","2023-06-22 00:38:16.655Z",1.09874,1.09879
"exness","EURUSD","2023-06-22 00:38:21.424Z",1.09873,1.0988
"exness","EURUSD","2023-06-22 00:38:22.726Z",1.09874,1.0988
"exness","EURUSD","2023-06-22 00:38:27.822Z",1.09872,1.09878
"exness","EURUSD","2023-06-22 00:38:28.830Z",1.09873,1.09878
"exness","EURUSD","2023-06-22 00:38:34.960Z",1.09872,1.09878
"exness","EURUSD","2023-06-22 00:38:36.168Z",1.09871,1.09878
"exness","EURUSD","2023-06-22 00:38:38.866Z",1.09872,1.09878
"exness","EURUSD","2023-06-22 00:38:40.399Z",1.09873,1.0988
"exness","EURUSD","2023-06-22 00:38:41.462Z",1.09874,1.09879
"exness","EURUSD","2023-06-22 00:38:44.103Z",1.09874,1.0988
"exness","EURUSD","2023-06-22 00:38:46.638Z",1.09873,1.0988
"exness","EURUSD","2023-06-22 00:38:48.337Z",1.09874,1.0988
"exness","EURUSD","2023-06-22 00:38:50.734Z",1.09873,1.09879
"exness","EURUSD","2023-06-22 00:38:51.740Z",1.09874,1.09879
"exness","EURUSD","2023-06-22 00:38:55.143Z",1.09874,1.0988
"exness","EURUSD","2023-06-22 00:38:57.617Z",1.09874,1.09879
"exness","EURUSD","2023-06-22 00:38:59.821Z",1.09874,1.0988
"exness","EURUSD","2023-06-22 00:39:16.217Z",1.09872,1.09879
"exness","EURUSD","2023-06-22 00:39:19.170Z",1.09874,1.09879
"exness","EURUSD","2023-06-22 00:39:24.109Z",1.09872,1.09878
"exness","EURUSD","2023-06-22 00:39:26.294Z",1.09872,1.09877
"exness","EURUSD","2023-06-22 00:39:31.960Z",1.09872,1.09878
"exness","EURUSD","2023-06-22 00:39:38.983Z",1.0987,1.09876
"exness","EURUSD","2023-06-22 00:39:47.031Z",1.09871,1.09876
"exness","EURUSD","2023-06-22 00:39:51.508Z",1.0987,1.09876
"exness","EURUSD","2023-06-22 00:39:53.987Z",1.09872,1.09878
"exness","EURUSD","2023-06-22 00:39:55.043Z",1.09873,1.09879
"exness","EURUSD","2023-06-22 00:39:57.355Z",1.09871,1.09878
"exness","EURUSD","2023-06-22 00:39:58.793Z",1.09872,1.09877
"exness","EURUSD","2023-06-22 00:40:00.158Z",1.09872,1.09878
"exness","EURUSD","2023-06-22 00:40:01.172Z",1.09873,1.09879
"exness","EURUSD","2023-06-22 00:40:03.741Z",1.09872,1.09878
"exness","EURUSD","2023-06-22 00:40:07.732Z",1.09872,1.09879
"exness","EURUSD","2023-06-22 00:40:12.294Z",1.09874,1.0988
"exness","EURUSD","2023-06-22 00:40:17.076Z",1.09875,1.09881
"exness","EURUSD","2023-06-22 00:40:20.891Z",1.09875,1.0988
"exness","EURUSD","2023-06-22 00:40:22.967Z",1.09875,1.09882
"exness","EURUSD","2023-06-22 00:40:26.382Z",1.09876,1.09882
"exness","EURUSD","2023-06-22 00:40:27.798Z",1.09876,1.09881
"exness","EURUSD","2023-06-22 00:40:38.314Z",1.09875,1.09882
"exness","EURUSD","2023-06-22 00:40:45.303Z",1.09877,1.09882
"exness","EURUSD","2023-06-22 00:40:46.329Z",1.09875,1.09882
"exness","EURUSD","2023-06-22 00:40:47.755Z",1.09876,1.09881
"exness","EURUSD","2023-06-22 00:40:51.531Z",1.09875,1.09881
"exness","EURUSD","2023-06-22 00:40:52.742Z",1.09875,1.09882
"exness","EURUSD","2023-06-22 00:40:54.140Z",1.09877,1.09883
"exness","EURUSD","2023-06-22 00:40:54.214Z",1.09878,1.09885
"exness","EURUSD","2023-06-22 00:40:54.667Z",1.0988,1.09885
"exness","EURUSD","2023-06-22 00:40:56.941Z",1.09879,1.09886
"exness","EURUSD","2023-06-22 00:40:58.247Z",1.0988,1.09887
"exness","EURUSD","2023-06-22 00:40:58.326Z",1.09882,1.09888
"exness","EURUSD","2023-06-22 00:40:58.451Z",1.09884,1.09889
"exness","EURUSD","2023-06-22 00:40:59.101Z",1.09884,1.09891
"exness","EURUSD","2023-06-22 00:41:02.269Z",1.09884,1.0989
"exness","EURUSD","2023-06-22 00:41:03.325Z",1.09883,1.09889
"exness","EURUSD","2023-06-22 00:41:03.824Z",1.09885,1.0989
"exness","EURUSD","2023-06-22 00:41:07.617Z",1.09884,1.0989
"exness","EURUSD","2023-06-22 00:41:09.878Z",1.09885,1.0989
"exness","EURUSD","2023-06-22 00:41:11.174Z",1.09885,1.09891
"exness","EURUSD","2023-06-22 00:41:14.259Z",1.09886,1.09892
"exness","EURUSD","2023-06-22 00:41:15.254Z",1.09887,1.09892
"exness","EURUSD","2023-06-22 00:41:19.366Z",1.09886,1.09893
"exness","EURUSD","2023-06-22 00:41:26.235Z",1.09885,1.09891
"exness","EURUSD","2023-06-22 00:41:30.603Z",1.09886,1.09892
"exness","EURUSD","2023-06-22 00:41:31.761Z",1.09886,1.09891
"exness","EURUSD","2023-06-22 00:41:35.913Z",1.09885,1.09892
"exness","EURUSD","2023-06-22 00:41:45.202Z",1.09884,1.0989
"exness","EURUSD","2023-06-22 00:41:45.215Z",1.09883,1.09889
"exness","EURUSD","2023-06-22 00:41:46.181Z",1.09882,1.09887
"exness","EURUSD","2023-06-22 00:41:49.546Z",1.09881,1.09887
"exness","EURUSD","2023-06-22 00:41:54.808Z",1.09881,1.09886
"exness","EURUSD","2023-06-22 00:41:56.853Z",1.09881,1.09887
"exness","EURUSD","2023-06-22 00:41:57.715Z",1.09883,1.09888
"exness","EURUSD","2023-06-22 00:41:59.801Z",1.09882,1.09888
"exness","EURUSD","2023-06-22 00:42:07.245Z",1.09881,1.09888
"exness","EURUSD","2023-06-22 00:42:09.395Z",1.09882,1.09887
"exness","EURUSD","2023-06-22 00:42:10.467Z",1.09882,1.09889
"exness","EURUSD","2023-06-22 00:42:11.511Z",1.09884,1.0989
"exness","EURUSD","2023-06-22 00:42:12.017Z",1.09882,1.09889
"exness","EURUSD","2023-06-22 00:42:13.025Z",1.09881,1.09888
"exness","EURUSD","2023-06-22 00:42:15.263Z",1.09882,1.09887
"exness","EURUSD","2023-06-22 00:42:17.383Z",1.09881,1.09887
"exness","EURUSD","2023-06-22 00:42:18.510Z",1.09881,1.09888
"exness","EURUSD","2023-06-22 00:42:19.728Z",1.09882,1.09888
"exness","EURUSD","2023-06-22 00:42:22.165Z",1.09881,1.09888
"exness","EURUSD","2023-06-22 00:42:27.241Z",1.09881,1.09887
"exness","EURUSD","2023-06-22 00:42:28.583Z",1.0988,1.09886
"exness","EURUSD","2023-06-22 00:42:33.999Z",1.09879,1.09885
"exness","EURUSD","2023-06-22 00:42:35.365Z",1.0988,1.09885
"exness","EURUSD","2023-06-22 00:42:48.532Z",1.09879,1.09885
"exness","EURUSD","2023-06-22 00:42:52.482Z",1.0988,1.09887
"exness","EURUSD","2023-06-22 00:42:52.904Z",1.09882,1.09888
"exness","EURUSD","2023-06-22 00:42:53.010Z",1.09884,1.0989
"exness","EURUSD","2023-06-22 00:42:54.417Z",1.09884,1.09889
"exness","EURUSD","2023-06-22 00:42:57.489Z",1.09885,1.09891
"exness","EURUSD","2023-06-22 00:42:58.133Z",1.09883,1.09889
"exness","EURUSD","2023-06-22 00:42:59.217Z",1.09882,1.09888
"exness","EURUSD","2023-06-22 00:43:00.277Z",1.09881,1.09887
"exness","EURUSD","2023-06-22 00:43:02.024Z",1.09881,1.09886
"exness","EURUSD","2023-06-22 00:43:11.635Z",1.09879,1.09885
"exness","EURUSD","2023-06-22 00:43:13.661Z",1.0988,1.09885
"exness","EURUSD","2023-06-22 00:43:19.316Z",1.09879,1.09885
"exness","EURUSD","2023-06-22 00:43:26.384Z",1.0988,1.09886
"exness","EURUSD","2023-06-22 00:43:32.391Z",1.09881,1.09886
"exness","EURUSD","2023-06-22 00:43:34.950Z",1.0988,1.09886
"exness","EURUSD","2023-06-22 00:43:52.743Z",1.0988,1.09887
"exness","EURUSD","2023-06-22 00:44:01.760Z",1.09881,1.09887
"exness","EURUSD","2023-06-22 00:44:06.366Z",1.09882,1.09889
"exness","EURUSD","2023-06-22 00:44:10.797Z",1.09883,1.09888
"exness","EURUSD","2023-06-22 00:44:12.488Z",1.09882,1.09889
"exness","EURUSD","2023-06-22 00:44:15.456Z",1.09882,1.09888
"exness","EURUSD","2023-06-22 00:44:25.178Z",1.09884,1.0989
"exness","EURUSD","2023-06-22 00:44:25.437Z",1.09885,1.09891
"exness","EURUSD","2023-06-22 00:44:26.086Z",1.09887,1.09892
"exness","EURUSD","2023-06-22 00:44:27.137Z",1.09886,1.09892
"exness","EURUSD","2023-06-22 00:44:28.349Z",1.09886,1.09891
"exness","EURUSD","2023-06-22 00:44:29.419Z",1.09886,1.09893
"exness","EURUSD","2023-06-22 00:44:30.526Z",1.09885,1.09892
"exness","EURUSD","2023-06-22 00:44:33.776Z",1.09886,1.09891
"exness","EURUSD","2023-06-22 00:44:36.043Z",1.09885,1.09891
"exness","EURUSD","2023-06-22 00:44:36.074Z",1.09883,1.09889
"exness","EURUSD","2023-06-22 00:44:36.093Z",1.09881,1.09887
"exness","EURUSD","2023-06-22 00:44:36.132Z",1.09881,1.09886
"exness","EURUSD","2023-06-22 00:44:37.147Z",1.0988,1.09886
"exness","EURUSD","2023-06-22 00:44:44.616Z",1.0988,1.09887
"exness","EURUSD","2023-06-22 00:45:01.058Z",1.0988,1.09886
"exness","EURUSD","2023-06-22 00:45:01.953Z",1.09878,1.09885
"exness","EURUSD","2023-06-22 00:45:01.990Z",1.09877,1.09883
"exness","EURUSD","2023-06-22 00:45:02.268Z",1.09875,1.09881
"exness","EURUSD","2023-06-22 00:45:03.494Z",1.09876,1.09881
"exness","EURUSD","2023-06-22 00:45:03.617Z",1.09876,1.09883
"exness","EURUSD","2023-06-22 00:45:03.622Z",1.09878,1.09884
"exness","EURUSD","2023-06-22 00:45:04.715Z",1.09879,1.09885
"exness","EURUSD","2023-06-22 00:45:13.083Z",1.0988,1.09886
"exness","EURUSD","2023-06-22 00:45:32.554Z",1.09879,1.09885
"exness","EURUSD","2023-06-22 00:45:33.594Z",1.09879,1.09886
"exness","EURUSD","2023-06-22 00:45:35.289Z",1.0988,1.09885
"exness","EURUSD","2023-06-22 00:45:38.327Z",1.0988,1.09886
"exness","EURUSD","2023-06-22 00:45:42.105Z",1.09881,1.09887
"exness","EURUSD","2023-06-22 00:45:54.762Z",1.09882,1.09887
"exness","EURUSD","2023-06-22 00:45:55.881Z",1.09882,1.09888
"exness","EURUSD","2023-06-22 00:45:56.886Z",1.09881,1.09888
"exness","EURUSD","2023-06-22 00:46:02.353Z",1.09882,1.09888
"exness","EURUSD","2023-06-22 00:46:03.396Z",1.09882,1.09887
"exness","EURUSD","2023-06-22 00:46:11.055Z",1.09881,1.09888
"exness","EURUSD","2023-06-22 00:46:11.176Z",1.0988,1.09886
"exness","EURUSD","2023-06-22 00:46:13.273Z",1.09879,1.09886
"exness","EURUSD","2023-06-22 00:46:19.101Z",1.0988,1.09886
"exness","EURUSD","2023-06-22 00:46:21.853Z",1.09879,1.09885
"exness","EURUSD","2023-06-22 00:46:24.042Z",1.09879,1.09886
"exness","EURUSD","2023-06-22 00:46:25.277Z",1.09879,1.09885
"exness","EURUSD","2023-06-22 00:46:32.199Z",1.0988,1.09886
"exness","EURUSD","2023-06-22 00:46:39.452Z",1.0988,1.09885
"exness","EURUSD","2023-06-22 00:46:43.243Z",1.0988,1.09886
"exness","EURUSD","2023-06-22 00:46:44.800Z",1.0988,1.09885
"exness","EURUSD","2023-06-22 00:46:45.870Z",1.0988,1.09886
"exness","EURUSD","2023-06-22 00:46:50.676Z",1.09879,1.09886
"exness","EURUSD","2023-06-22 00:46:52.048Z",1.0988,1.09886
"exness","EURUSD","2023-06-22 00:46:59.406Z",1.09881,1.09888
"exness","EURUSD","2023-06-22 00:47:04.111Z",1.09882,1.09887
"exness","EURUSD","2023-06-22 00:47:06.462Z",1.09882,1.09888
"exness","EURUSD","2023-06-22 00:47:07.471Z",1.09883,1.09889
"exness","EURUSD","2023-06-22 00:47:08.871Z",1.09882,1.09888
"exness","EURUSD","2023-06-22 00:47:10.183Z",1.09883,1.09888
"exness","EURUSD","2023-06-22 00:47:11.251Z",1.09881,1.09887
"exness","EURUSD","2023-06-22 00:47:12.360Z",1.0988,1.09887
"exness","EURUSD","2023-06-22 00:47:15.477Z",1.09881,1.09886
"exness","EURUSD","2023-06-22 00:47:16.697Z",1.0988,1.09886
"exness","EURUSD","2023-06-22 00:47:17.196Z",1.09878,1.09885
"exness","EURUSD","2023-06-22 00:47:18.203Z",1.09877,1.09883
"exness","EURUSD","2023-06-22 00:47:19.793Z",1.09879,1.09885
"exness","EURUSD","2023-06-22 00:47:22.786Z",1.0988,1.09885
"exness","EURUSD","2023-06-22 00:47:23.453Z",1.0988,1.09886
"exness","EURUSD","2023-06-22 00:47:24.481Z",1.09881,1.09887
"exness","EURUSD","2023-06-22 00:47:27.904Z",1.09881,1.09888
"exness","EURUSD","2023-06-22 00:47:31.956Z",1.09882,1.09887
"exness","EURUSD","2023-06-22 00:47:36.212Z",1.09883,1.09889
"exness","EURUSD","2023-06-22 00:47:38.288Z",1.09883,1.0989
"exness","EURUSD","2023-06-22 00:47:40.479Z",1.09884,1.0989
"exness","EURUSD","2023-06-22 00:47:46.090Z",1.09885,1.0989
"exness","EURUSD","2023-06-22 00:47:49.749Z",1.09885,1.09891
"exness","EURUSD","2023-06-22 00:47:49.822Z",1.09887,1.09893
"exness","EURUSD","2023-06-22 00:47:50.036Z",1.09888,1.09893
"exness","EURUSD","2023-06-22 00:47:50.939Z",1.09889,1.09895
"exness","EURUSD","2023-06-22 00:47:52.202Z",1.0989,1.09896
"exness","EURUSD","2023-06-22 00:47:59.177Z",1.09888,1.09894
"exness","EURUSD","2023-06-22 00:47:59.530Z",1.09887,1.09893
"exness","EURUSD","2023-06-22 00:48:01.306Z",1.09888,1.09895
"exness","EURUSD","2023-06-22 00:48:02.049Z",1.0989,1.09895
"exness","EURUSD","2023-06-22 00:48:04.227Z",1.09889,1.09895
"exness","EURUSD","2023-06-22 00:48:06.832Z",1.09888,1.09894
"exness","EURUSD","2023-06-22 00:48:07.836Z",1.09888,1.09893
"exness","EURUSD","2023-06-22 00:48:10.723Z",1.09889,1.09895
"exness","EURUSD","2023-06-22 00:48:12.212Z",1.0989,1.09895
"exness","EURUSD","2023-06-22 00:48:20.114Z",1.09889,1.09895
"exness","EURUSD","2023-06-22 00:48:20.195Z",1.09887,1.09893
"exness","EURUSD","2023-06-22 00:48:21.315Z",1.09886,1.09893
"exness","EURUSD","2023-06-22 00:48:24.885Z",1.09886,1.09892
"exness","EURUSD","2023-06-22 00:48:24.910Z",1.09885,1.09891
"exness","EURUSD","2023-06-22 00:48:25.134Z",1.09883,1.09889
"exness","EURUSD","2023-06-22 00:48:25.186Z",1.09882,1.09888
"exness","EURUSD","2023-06-22 00:48:26.205Z",1.09882,1.09887
"exness","EURUSD","2023-06-22 00:48:28.920Z",1.0988,1.09887
"exness","EURUSD","2023-06-22 00:48:31.013Z",1.0988,1.09885
"exness","EURUSD","2023-06-22 00:48:33.437Z",1.0988,1.09886
"exness","EURUSD","2023-06-22 00:49:18.608Z",1.09879,1.09886
"exness","EURUSD","2023-06-22 00:49:19.611Z",1.0988,1.09886
"exness","EURUSD","2023-06-22 00:49:20.995Z",1.09879,1.09886
"exness","EURUSD","2023-06-22 00:49:28.483Z",1.09879,1.09885
"exness","EURUSD","2023-06-22 00:49:39.817Z",1.09879,1.09884
"exness","EURUSD","2023-06-22 00:49:39.858Z",1.09878,1.09884
"exness","EURUSD","2023-06-22 00:49:40.084Z",1.09876,1.09882
"exness","EURUSD","2023-06-22 00:49:40.498Z",1.09878,1.09884
"exness","EURUSD","2023-06-22 00:49:41.705Z",1.09879,1.09884
"exness","EURUSD","2023-06-22 00:49:44.364Z",1.09879,1.09885
"exness","EURUSD","2023-06-22 00:49:45.377Z",1.0988,1.09885
"exness","EURUSD","2023-06-22 00:49:46.414Z",1.0988,1.09886
"exness","EURUSD","2023-06-22 00:49:47.500Z",1.09881,1.09886
"exness","EURUSD","2023-06-22 00:49:49.177Z",1.0988,1.09886
"exness","EURUSD","2023-06-22 00:49:58.084Z",1.0988,1.09887
"exness","EURUSD","2023-06-22 00:50:03.625Z",1.0988,1.09885
"exness","EURUSD","2023-06-22 00:50:04.678Z",1.09879,1.09886
"exness","EURUSD","2023-06-22 00:50:04.884Z",1.09878,1.09884
"exness","EURUSD","2023-06-22 00:50:06.102Z",1.09876,1.09883
"exness","EURUSD","2023-06-22 00:50:07.171Z",1.09877,1.09882
"exness","EURUSD","2023-06-22 00:50:09.751Z",1.09876,1.09882
"exness","EURUSD","2023-06-22 00:50:25.485Z",1.09877,1.09882
"exness","EURUSD","2023-06-22 00:50:25.820Z",1.09877,1.09884
"exness","EURUSD","2023-06-22 00:50:26.693Z",1.09879,1.09884
"exness","EURUSD","2023-06-22 00:50:32.342Z",1.09879,1.09885
"exness","EURUSD","2023-06-22 00:50:55.156Z",1.09877,1.09883
"exness","EURUSD","2023-06-22 00:50:56.220Z",1.09876,1.09882
"exness","EURUSD","2023-06-22 00:50:58.276Z",1.09876,1.09881
"exness","EURUSD","2023-06-22 00:51:01.447Z",1.09875,1.09881
"exness","EURUSD","2023-06-22 00:51:04.077Z",1.09874,1.0988
"exness","EURUSD","2023-06-22 00:51:09.100Z",1.09874,1.09881
"exness","EURUSD","2023-06-22 00:51:10.699Z",1.09875,1.09881
"exness","EURUSD","2023-06-22 00:51:11.444Z",1.09873,1.09879
"exness","EURUSD","2023-06-22 00:51:11.510Z",1.09871,1.09878
"exness","EURUSD","2023-06-22 00:51:11.644Z",1.0987,1.09876
"exness","EURUSD","2023-06-22 00:51:12.648Z",1.09869,1.09875
"exness","EURUSD","2023-06-22 00:51:20.623Z",1.09868,1.09875
"exness","EURUSD","2023-06-22 00:51:21.735Z",1.09869,1.09875
"exness","EURUSD","2023-06-22 00:51:25.272Z",1.0987,1.09875
"exness","EURUSD","2023-06-22 00:51:26.363Z",1.09869,1.09875
"exness","EURUSD","2023-06-22 00:51:30.910Z",1.09869,1.09876
"exness","EURUSD","2023-06-22 00:51:33.694Z",1.09869,1.09875
"exness","EURUSD","2023-06-22 00:51:41.466Z",1.0987,1.09875
"exness","EURUSD","2023-06-22 00:51:42.908Z",1.09868,1.09875
"exness","EURUSD","2023-06-22 00:51:44.304Z",1.09868,1.09874
"exness","EURUSD","2023-06-22 00:51:46.411Z",1.09869,1.09875
"exness","EURUSD","2023-06-22 00:51:46.961Z",1.09867,1.09873
"exness","EURUSD","2023-06-22 00:51:48.248Z",1.09867,1.09872
"exness","EURUSD","2023-06-22 00:51:52.713Z",1.09866,1.09872
"exness","EURUSD","2023-06-22 00:51:54.406Z",1.09867,1.09873
"exness","EURUSD","2023-06-22 00:51:55.435Z",1.09867,1.09872
"exness","EURUSD","2023-06-22 00:51:56.520Z",1.09866,1.09872
"exness","EURUSD","2023-06-22 00:51:57.572Z",1.09867,1.09872
"exness","EURUSD","2023-06-22 00:51:59.705Z",1.09866,1.09872
"exness","EURUSD","2023-06-22 00:52:03.162Z",1.09867,1.09873
"exness","EURUSD","2023-06-22 00:52:05.294Z",1.09866,1.09872
"exness","EURUSD","2023-06-22 00:52:06.537Z",1.09867,1.09872
"exness","EURUSD","2023-06-22 00:52:07.655Z",1.09866,1.09872
"exness","EURUSD","2023-06-22 00:52:09.602Z",1.09865,1.09871
"exness","EURUSD","2023-06-22 00:52:12.293Z",1.09864,1.09871
"exness","EURUSD","2023-06-22 00:52:14.307Z",1.09865,1.09871
"exness","EURUSD","2023-06-22 00:52:22.891Z",1.09866,1.09871
"exness","EURUSD","2023-06-22 00:52:27.980Z",1.09865,1.0987
"exness","EURUSD","2023-06-22 00:52:29.401Z",1.09866,1.09871
"exness","EURUSD","2023-06-22 00:52:29.411Z",1.09866,1.09872
"exness","EURUSD","2023-06-22 00:52:29.496Z",1.09867,1.09874
"exness","EURUSD","2023-06-22 00:52:29.936Z",1.09869,1.09875
"exness","EURUSD","2023-06-22 00:52:30.950Z",1.0987,1.09875
"exness","EURUSD","2023-06-22 00:52:31.120Z",1.09868,1.09874
"exness","EURUSD","2023-06-22 00:52:32.150Z",1.09869,1.09874
"exness","EURUSD","2023-06-22 00:52:32.597Z",1.09869,1.09875
"exness","EURUSD","2023-06-22 00:52:35.236Z",1.0987,1.09877
"exness","EURUSD","2023-06-22 00:52:37.857Z",1.09871,1.09876
"exness","EURUSD","2023-06-22 00:52:37.979Z",1.09872,1.09878
"exness","EURUSD","2023-06-22 00:52:38.055Z",1.09873,1.0988
"exness","EURUSD","2023-06-22 00:52:38.657Z",1.09875,1.09881
"exness","EURUSD","2023-06-22 00:52:39.202Z",1.09877,1.09882
"exness","EURUSD","2023-06-22 00:52:42.380Z",1.09876,1.09882
"exness","EURUSD","2023-06-22 00:52:44.420Z",1.09876,1.09883
"exness","EURUSD","2023-06-22 00:52:45.781Z",1.09877,1.09883
"exness","EURUSD","2023-06-22 00:52:54.276Z",1.09876,1.09882
"exness","EURUSD","2023-06-22 00:52:59.261Z",1.09876,1.09881
"exness","EURUSD","2023-06-22 00:53:01.248Z",1.09876,1.09882
"exness","EURUSD","2023-06-22 00:53:01.268Z",1.09877,1.09884
"exness","EURUSD","2023-06-22 00:53:01.313Z",1.09879,1.09885
"exness","EURUSD","2023-06-22 00:53:03.921Z",1.0988,1.09885
"exness","EURUSD","2023-06-22 00:53:06.125Z",1.0988,1.09886
"exness","EURUSD","2023-06-22 00:53:07.845Z",1.09879,1.09886
"exness","EURUSD","2023-06-22 00:53:10.195Z",1.0988,1.09886
"exness","EURUSD","2023-06-22 00:53:27.677Z",1.09879,1.09886
"exness","EURUSD","2023-06-22 00:53:29.755Z",1.09879,1.09884
"exness","EURUSD","2023-06-22 00:53:30.783Z",1.0988,1.09885
"exness","EURUSD","2023-06-22 00:53:32.411Z",1.09878,1.09884
"exness","EURUSD","2023-06-22 00:53:32.593Z",1.09877,1.09883
"exness","EURUSD","2023-06-22 00:53:37.998Z",1.09876,1.09883
"exness","EURUSD","2023-06-22 00:53:39.089Z",1.09877,1.09882
"exness","EURUSD","2023-06-22 00:53:40.090Z",1.09877,1.09883
"exness","EURUSD","2023-06-22 00:53:42.213Z",1.09876,1.09883
"exness","EURUSD","2023-06-22 00:53:43.660Z",1.09877,1.09883
"exness","EURUSD","2023-06-22 00:53:44.926Z",1.09878,1.09884
"exness","EURUSD","2023-06-22 00:53:46.008Z",1.09877,1.09883
"exness","EURUSD","2023-06-22 00:53:48.605Z",1.09878,1.09883
"exness","EURUSD","2023-06-22 00:53:50.183Z",1.09878,1.09884
"exness","EURUSD","2023-06-22 00:53:51.208Z",1.09877,1.09884
"exness","EURUSD","2023-06-22 00:53:52.340Z",1.09878,1.09883
"exness","EURUSD","2023-06-22 00:53:56.343Z",1.09877,1.09883
"exness","EURUSD","2023-06-22 00:54:01.054Z",1.09878,1.09885
"exness","EURUSD","2023-06-22 00:54:01.144Z",1.09877,1.09883
"exness","EURUSD","2023-06-22 00:54:02.432Z",1.09876,1.09882
"exness","EURUSD","2023-06-22 00:54:03.922Z",1.09878,1.09884
"exness","EURUSD","2023-06-22 00:54:05.115Z",1.09878,1.09885
"exness","EURUSD","2023-06-22 00:54:06.126Z",1.09879,1.09885
"exness","EURUSD","2023-06-22 00:54:07.679Z",1.09879,1.09886
"exness","EURUSD","2023-06-22 00:54:08.338Z",1.09881,1.09887
"exness","EURUSD","2023-06-22 00:54:09.401Z",1.09882,1.09889
"exness","EURUSD","2023-06-22 00:54:12.050Z",1.09882,1.09887
"exness","EURUSD","2023-06-22 00:54:12.255Z",1.09883,1.09889
"exness","EURUSD","2023-06-22 00:54:13.599Z",1.09884,1.0989
"exness","EURUSD","2023-06-22 00:54:14.754Z",1.09882,1.09889
"exness","EURUSD","2023-06-22 00:54:14.780Z",1.09884,1.0989
"exness","EURUSD","2023-06-22 00:54:15.605Z",1.09885,1.09892
"exness","EURUSD","2023-06-22 00:54:15.906Z",1.09887,1.09892
"exness","EURUSD","2023-06-22 00:54:18.945Z",1.09886,1.09892
"exness","EURUSD","2023-06-22 00:54:20.849Z",1.09884,1.0989
"exness","EURUSD","2023-06-22 00:54:20.908Z",1.09883,1.09889
"exness","EURUSD","2023-06-22 00:54:20.939Z",1.09884,1.09889
"exness","EURUSD","2023-06-22 00:54:21.292Z",1.09885,1.09891
"exness","EURUSD","2023-06-22 00:54:23.474Z",1.09884,1.09891
"exness","EURUSD","2023-06-22 00:54:26.433Z",1.09885,1.09891
"exness","EURUSD","2023-06-22 00:54:28.772Z",1.09885,1.09892
"exness","EURUSD","2023-06-22 00:54:30.658Z",1.09886,1.09892
"exness","EURUSD","2023-06-22 00:54:32.947Z",1.09887,1.09892
"exness","EURUSD","2023-06-22 00:54:35.171Z",1.09887,1.09894
"exness","EURUSD","2023-06-22 00:54:36.182Z",1.09888,1.09894
"exness","EURUSD","2023-06-22 00:54:37.178Z",1.09887,1.09893
"exness","EURUSD","2023-06-22 00:54:39.812Z",1.09888,1.09894
"exness","EURUSD","2023-06-22 00:54:40.711Z",1.09886,1.09892
"exness","EURUSD","2023-06-22 00:54:42.900Z",1.09885,1.09891
"exness","EURUSD","2023-06-22 00:54:45.242Z",1.09884,1.0989
"exness","EURUSD","2023-06-22 00:54:47.660Z",1.09885,1.0989
"exness","EURUSD","2023-06-22 00:54:49.308Z",1.09884,1.0989
"exness","EURUSD","2023-06-22 00:54:56.645Z",1.09885,1.09891
"exness","EURUSD","2023-06-22 00:54:57.177Z",1.09884,1.09889
"exness","EURUSD","2023-06-22 00:54:57.233Z",1.09883,1.09889
"exness","EURUSD","2023-06-22 00:54:58.010Z",1.09883,1.09888
"exness","EURUSD","2023-06-22 00:54:59.065Z",1.09882,1.09888
"exness","EURUSD","2023-06-22 00:54:59.140Z",1.09884,1.0989
"exness","EURUSD","2023-06-22 00:54:59.143Z",1.09885,1.09892
"exness","EURUSD","2023-06-22 00:54:59.155Z",1.09887,1.09893
"exness","EURUSD","2023-06-22 00:54:59.187Z",1.09887,1.09892
"exness","EURUSD","2023-06-22 00:54:59.202Z",1.09885,1.09892
"exness","EURUSD","2023-06-22 00:54:59.312Z",1.09884,1.0989
"exness","EURUSD","2023-06-22 00:55:00.244Z",1.09882,1.09888
"exness","EURUSD","2023-06-22 00:55:00.260Z",1.09881,1.09887
"exness","EURUSD","2023-06-22 00:55:00.283Z",1.09879,1.09885
"exness","EURUSD","2023-06-22 00:55:00.743Z",1.09881,1.09887
"exness","EURUSD","2023-06-22 00:55:00.755Z",1.09882,1.09887
"exness","EURUSD","2023-06-22 00:55:00.787Z",1.09883,1.09889
"exness","EURUSD","2023-06-22 00:55:02.364Z",1.09884,1.0989
"exness","EURUSD","2023-06-22 00:55:02.988Z",1.09885,1.09891
"exness","EURUSD","2023-06-22 00:55:04.266Z",1.09886,1.09892
"exness","EURUSD","2023-06-22 00:55:06.418Z",1.09886,1.09893
"exness","EURUSD","2023-06-22 00:55:07.461Z",1.09885,1.09891
"exness","EURUSD","2023-06-22 00:55:14.196Z",1.09885,1.09892
"exness","EURUSD","2023-06-22 00:55:16.369Z",1.09887,1.09893
"exness","EURUSD","2023-06-22 00:55:18.052Z",1.09888,1.09893
"exness","EURUSD","2023-06-22 00:55:20.053Z",1.09888,1.09894
"exness","EURUSD","2023-06-22 00:55:20.517Z",1.0989,1.09895
"exness","EURUSD","2023-06-22 00:55:22.741Z",1.09889,1.09896
"exness","EURUSD","2023-06-22 00:55:24.161Z",1.0989,1.09896
"exness","EURUSD","2023-06-22 00:55:24.534Z",1.09891,1.09897
"exness","EURUSD","2023-06-22 00:55:24.864Z",1.09893,1.09899
"exness","EURUSD","2023-06-22 00:55:25.949Z",1.09894,1.099
"exness","EURUSD","2023-06-22 00:55:29.771Z",1.09896,1.0990199999999999
"exness","EURUSD","2023-06-22 00:55:30.243Z",1.09897,1.09903
"exness","EURUSD","2023-06-22 00:55:31.253Z",1.09898,1.09903
"exness","EURUSD","2023-06-22 00:55:33.328Z",1.09898,1.09904
"exness","EURUSD","2023-06-22 00:55:34.331Z",1.09898,1.09905
"exness","EURUSD","2023-06-22 00:55:37.107Z",1.099,1.09906
"exness","EURUSD","2023-06-22 00:55:42.374Z",1.09901,1.09906
"exness","EURUSD","2023-06-22 00:55:44.105Z",1.099,1.09906
"exness","EURUSD","2023-06-22 00:55:45.111Z",1.09901,1.09908
"exness","EURUSD","2023-06-22 00:55:46.206Z",1.0990199999999999,1.09909
"exness","EURUSD","2023-06-22 00:55:48.609Z",1.09903,1.09908
"exness","EURUSD","2023-06-22 00:55:51.074Z",1.09901,1.09907
"exness","EURUSD","2023-06-22 00:55:52.734Z",1.099,1.09906
"exness","EURUSD","2023-06-22 00:55:56.809Z",1.099,1.09907
"exness","EURUSD","2023-06-22 00:55:59.520Z",1.09901,1.09906
"exness","EURUSD","2023-06-22 00:56:00.742Z",1.09899,1.09905
"exness","EURUSD","2023-06-22 00:56:00.757Z",1.09897,1.09904
"exness","EURUSD","2023-06-22 00:56:01.787Z",1.09896,1.09903
"exness","EURUSD","2023-06-22 00:56:03.246Z",1.09897,1.0990199999999999
"exness","EURUSD","2023-06-22 00:56:07.533Z",1.09897,1.09903
"exness","EURUSD","2023-06-22 00:56:09.631Z",1.09896,1.0990199999999999
"exness","EURUSD","2023-06-22 00:56:12.572Z",1.09897,1.09904
"exness","EURUSD","2023-06-22 00:56:16.252Z",1.09899,1.09905
"exness","EURUSD","2023-06-22 00:56:18.055Z",1.09899,1.09904
"exness","EURUSD","2023-06-22 00:56:20.375Z",1.09899,1.09905
"exness","EURUSD","2023-06-22 00:56:29.381Z",1.09899,1.09906
"exness","EURUSD","2023-06-22 00:56:35.734Z",1.09901,1.09907
"exness","EURUSD","2023-06-22 00:56:35.809Z",1.0990199999999999,1.09907
"exness","EURUSD","2023-06-22 00:56:36.461Z",1.09903,1.09909
"exness","EURUSD","2023-06-22 00:56:37.718Z",1.09903,1.0991
"exness","EURUSD","2023-06-22 00:56:38.791Z",1.09904,1.0991
"exness","EURUSD","2023-06-22 00:56:43.786Z",1.09903,1.0991
"exness","EURUSD","2023-06-22 00:56:44.933Z",1.0990199999999999,1.09908
"exness","EURUSD","2023-06-22 00:56:46.895Z",1.099,1.09907
"exness","EURUSD","2023-06-22 00:56:56.925Z",1.09901,1.09906
"exness","EURUSD","2023-06-22 00:56:56.931Z",1.09899,1.09905
"exness","EURUSD","2023-06-22 00:56:56.942Z",1.09898,1.09904
"exness","EURUSD","2023-06-22 00:56:56.956Z",1.09896,1.0990199999999999
"exness","EURUSD","2023-06-22 00:56:56.969Z",1.09894,1.099
"exness","EURUSD","2023-06-22 00:56:56.982Z",1.09893,1.09899
"exness","EURUSD","2023-06-22 00:56:56.988Z",1.09891,1.09897
"exness","EURUSD","2023-06-22 00:56:57.054Z",1.09893,1.09898
"exness","EURUSD","2023-06-22 00:56:57.141Z",1.09893,1.099
"exness","EURUSD","2023-06-22 00:56:58.331Z",1.09894,1.099
"exness","EURUSD","2023-06-22 00:57:02.739Z",1.09896,1.0990199999999999
"exness","EURUSD","2023-06-22 00:57:07.928Z",1.09897,1.09903
"exness","EURUSD","2023-06-22 00:57:08.293Z",1.09899,1.09905
"exness","EURUSD","2023-06-22 00:57:09.313Z",1.09899,1.09906
"exness","EURUSD","2023-06-22 00:57:12.630Z",1.099,1.09906
"exness","EURUSD","2023-06-22 00:57:19.164Z",1.09901,1.09908
"exness","EURUSD","2023-06-22 00:57:20.125Z",1.09903,1.09908
"exness","EURUSD","2023-06-22 00:57:23.128Z",1.0990199999999999,1.09908
"exness","EURUSD","2023-06-22 00:57:23.561Z",1.09901,1.09906
"exness","EURUSD","2023-06-22 00:57:23.595Z",1.09899,1.09905
"exness","EURUSD","2023-06-22 00:57:26.631Z",1.09899,1.09904
"exness","EURUSD","2023-06-22 00:57:30.367Z",1.09897,1.09903
"exness","EURUSD","2023-06-22 00:57:32.045Z",1.09896,1.0990199999999999
"exness","EURUSD","2023-06-22 00:57:32.088Z",1.09894,1.09901
"exness","EURUSD","2023-06-22 00:57:33.101Z",1.09894,1.099
"exness","EURUSD","2023-06-22 00:57:33.330Z",1.09895,1.0990199999999999
"exness","EURUSD","2023-06-22 00:57:35.761Z",1.09896,1.0990199999999999
"exness","EURUSD","2023-06-22 00:57:38.337Z",1.09896,1.09901
"exness","EURUSD","2023-06-22 00:57:40.224Z",1.09897,1.09903
"exness","EURUSD","2023-06-22 00:57:42.429Z",1.09896,1.09903
"exness","EURUSD","2023-06-22 00:57:43.534Z",1.09896,1.0990199999999999
"exness","EURUSD","2023-06-22 00:57:44.649Z",1.09896,1.09901
"exness","EURUSD","2023-06-22 00:57:45.051Z",1.09895,1.09901
"exness","EURUSD","2023-06-22 00:57:45.267Z",1.09893,1.09899
"exness","EURUSD","2023-06-22 00:57:45.291Z",1.09891,1.09898
"exness","EURUSD","2023-06-22 00:57:46.383Z",1.09892,1.09898
"exness","EURUSD","2023-06-22 00:57:50.201Z",1.09891,1.09898
"exness","EURUSD","2023-06-22 00:57:54.249Z",1.0989,1.09897
"exness","EURUSD","2023-06-22 00:57:58.650Z",1.09891,1.09897
"exness","EURUSD","2023-06-22 00:58:01.146Z",1.0989,1.09897
"exness","EURUSD","2023-06-22 00:58:02.216Z",1.0989,1.09896
"exness","EURUSD","2023-06-22 00:58:06.055Z",1.09888,1.09894
"exness","EURUSD","2023-06-22 00:58:06.088Z",1.09886,1.09893
"exness","EURUSD","2023-06-22 00:58:07.245Z",1.09887,1.09892
"exness","EURUSD","2023-06-22 00:58:10.659Z",1.09887,1.09893
"exness","EURUSD","2023-06-22 00:58:14.188Z",1.09886,1.09892
"exness","EURUSD","2023-06-22 00:58:20.060Z",1.09885,1.09891
"exness","EURUSD","2023-06-22 00:58:21.159Z",1.09883,1.0989
"exness","EURUSD","2023-06-22 00:58:22.186Z",1.09884,1.0989
"exness","EURUSD","2023-06-22 00:58:25.089Z",1.09884,1.09891
"exness","EURUSD","2023-06-22 00:58:26.094Z",1.09884,1.0989
"exness","EURUSD","2023-06-22 00:58:28.139Z",1.09882,1.09889
"exness","EURUSD","2023-06-22 00:58:28.350Z",1.09882,1.09887
"exness","EURUSD","2023-06-22 00:58:33.409Z",1.09881,1.09888
"exness","EURUSD","2023-06-22 00:58:35.057Z",1.0988,1.09886
"exness","EURUSD","2023-06-22 00:58:35.368Z",1.09879,1.09884
"exness","EURUSD","2023-06-22 00:58:40.775Z",1.09879,1.09885
"exness","EURUSD","2023-06-22 00:58:49.698Z",1.09881,1.09887
"exness","EURUSD","2023-06-22 00:58:51.102Z",1.0988,1.09885
"exness","EURUSD","2023-06-22 00:58:53.708Z",1.0988,1.09886
"exness","EURUSD","2023-06-22 00:59:00.227Z",1.09879,1.09885
"exness","EURUSD","2023-06-22 00:59:14.481Z",1.09877,1.09883
"exness","EURUSD","2023-06-22 00:59:14.609Z",1.09879,1.09884
"exness","EURUSD","2023-06-22 00:59:14.643Z",1.09879,1.09886
"exness","EURUSD","2023-06-22 00:59:15.644Z",1.0988,1.09885
"exness","EURUSD","2023-06-22 00:59:16.678Z",1.0988,1.09886
"exness","EURUSD","2023-06-22 00:59:22.757Z",1.09882,1.09888
"exness","EURUSD","2023-06-22 00:59:23.786Z",1.09883,1.09889
"exness","EURUSD","2023-06-22 00:59:24.814Z",1.09884,1.0989
"exness","EURUSD","2023-06-22 00:59:26.203Z",1.09883,1.09889
"exness","EURUSD","2023-06-22 00:59:29.356Z",1.09885,1.09891
"exness","EURUSD","2023-06-22 00:59:29.621Z",1.09886,1.09893
"exness","EURUSD","2023-06-22 00:59:30.896Z",1.09887,1.09892
"exness","EURUSD","2023-06-22 00:59:33.187Z",1.09886,1.09893
"exness","EURUSD","2023-06-22 00:59:36.254Z",1.09887,1.09893
"exness","EURUSD","2023-06-22 00:59:37.505Z",1.09886,1.09892
"exness","EURUSD","2023-06-22 00:59:38.567Z",1.09885,1.09891
"exness","EURUSD","2023-06-22 00:59:40.005Z",1.09886,1.09891
"exness","EURUSD","2023-06-22 00:59:41.278Z",1.09885,1.09891
"exness","EURUSD","2023-06-22 00:59:47.822Z",1.09884,1.09891
"exness","EURUSD","2023-06-22 00:59:51.657Z",1.09885,1.0989
"exness","EURUSD","2023-06-22 00:59:52.739Z",1.09884,1.0989
"exness","EURUSD","2023-06-22 00:59:54.057Z",1.09884,1.09889
"exness","EURUSD","2023-06-22 00:59:58.080Z",1.09884,1.0989
"exness","EURUSD","2023-06-22 00:59:59.259Z",1.09882,1.09889
"exness","EURUSD","2023-06-22 01:00:00.567Z",1.09882,1.09888
"exness","EURUSD","2023-06-22 01:00:02.630Z",1.09882,1.09887
"exness","EURUSD","2023-06-22 01:00:10.543Z",1.0988,1.09887
"exness","EURUSD","2023-06-22 01:00:16.163Z",1.0988,1.09886
"exness","EURUSD","2023-06-22 01:00:20.066Z",1.09878,1.09884
"exness","EURUSD","2023-06-22 01:00:20.113Z",1.09877,1.09883
"exness","EURUSD","2023-06-22 01:00:20.171Z",1.09875,1.09881
"exness","EURUSD","2023-06-22 01:00:20.194Z",1.09873,1.09879
"exness","EURUSD","2023-06-22 01:00:20.412Z",1.09872,1.09878
"exness","EURUSD","2023-06-22 01:00:21.534Z",1.09871,1.09878
"exness","EURUSD","2023-06-22 01:00:22.784Z",1.09871,1.09877
"exness","EURUSD","2023-06-22 01:00:23.813Z",1.0987,1.09877
"exness","EURUSD","2023-06-22 01:00:26.429Z",1.09871,1.09877
"exness","EURUSD","2023-06-22 01:00:30.485Z",1.09872,1.09878
"exness","EURUSD","2023-06-22 01:00:31.150Z",1.09874,1.09879
"exness","EURUSD","2023-06-22 01:00:33.585Z",1.09874,1.0988
"exness","EURUSD","2023-06-22 01:00:34.626Z",1.09873,1.09879
"exness","EURUSD","2023-06-22 01:00:35.632Z",1.09873,1.0988
"exness","EURUSD","2023-06-22 01:00:39.075Z",1.09874,1.0988
"exness","EURUSD","2023-06-22 01:00:41.112Z",1.09875,1.0988
"exness","EURUSD","2023-06-22 01:00:43.484Z",1.09874,1.09879
"exness","EURUSD","2023-06-22 01:00:44.133Z",1.09873,1.09879
"exness","EURUSD","2023-06-22 01:00:45.916Z",1.09874,1.09879
"exness","EURUSD","2023-06-22 01:00:46.952Z",1.09874,1.0988
"exness","EURUSD","2023-06-22 01:00:55.114Z",1.09872,1.09878
"exness","EURUSD","2023-06-22 01:00:55.156Z",1.0987,1.09877
"exness","EURUSD","2023-06-22 01:00:56.228Z",1.0987,1.09875
"exness","EURUSD","2023-06-22 01:01:00.054Z",1.09871,1.09877
"exness","EURUSD","2023-06-22 01:01:00.381Z",1.09872,1.09877
"exness","EURUSD","2023-06-22 01:01:05.116Z",1.09872,1.09878
"exness","EURUSD","2023-06-22 01:01:08.074Z",1.09872,1.09877
"exness","EURUSD","2023-06-22 01:01:08.489Z",1.0987,1.09877
"exness","EURUSD","2023-06-22 01:01:09.561Z",1.0987,1.09876
"exness","EURUSD","2023-06-22 01:01:12.044Z",1.09871,1.09877
"exness","EURUSD","2023-06-22 01:01:13.158Z",1.09872,1.09877
"exness","EURUSD","2023-06-22 01:01:14.481Z",1.09871,1.09877
"exness","EURUSD","2023-06-22 01:01:17.521Z",1.09872,1.09877
"exness","EURUSD","2023-06-22 01:01:18.751Z",1.0987,1.09877
"exness","EURUSD","2023-06-22 01:01:19.968Z",1.09869,1.09876
"exness","EURUSD","2023-06-22 01:01:21.048Z",1.0987,1.09875
"exness","EURUSD","2023-06-22 01:01:22.046Z",1.09869,1.09875
"exness","EURUSD","2023-06-22 01:01:28.110Z",1.0987,1.09875
"exness","EURUSD","2023-06-22 01:01:29.901Z",1.09869,1.09875
"exness","EURUSD","2023-06-22 01:01:31.160Z",1.09869,1.09876
"exness","EURUSD","2023-06-22 01:01:39.284Z",1.0987,1.09877
"exness","EURUSD","2023-06-22 01:01:40.371Z",1.09872,1.09878
"exness","EURUSD","2023-06-22 01:01:40.865Z",1.09873,1.09879
"exness","EURUSD","2023-06-22 01:01:42.323Z",1.09874,1.0988
"exness","EURUSD","2023-06-22 01:01:42.403Z",1.09876,1.09882
"exness","EURUSD","2023-06-22 01:01:42.688Z",1.09877,1.09883
"exness","EURUSD","2023-06-22 01:01:43.692Z",1.09878,1.09883
"exness","EURUSD","2023-06-22 01:01:46.627Z",1.09877,1.09883
"exness","EURUSD","2023-06-22 01:01:48.678Z",1.09878,1.09884
"exness","EURUSD","2023-06-22 01:01:50.908Z",1.09879,1.09886
"exness","EURUSD","2023-06-22 01:01:53.163Z",1.0988,1.09886
"exness","EURUSD","2023-06-22 01:01:54.185Z",1.0988,1.09885
"exness","EURUSD","2023-06-22 01:01:55.752Z",1.09879,1.09886
"exness","EURUSD","2023-06-22 01:01:59.627Z",1.0988,1.09886
"exness","EURUSD","2023-06-22 01:02:00.629Z",1.09881,1.09887
"exness","EURUSD","2023-06-22 01:02:01.392Z",1.09883,1.09889
"exness","EURUSD","2023-06-22 01:02:02.467Z",1.09884,1.09889
"exness","EURUSD","2023-06-22 01:02:03.078Z",1.09882,1.09888
"exness","EURUSD","2023-06-22 01:02:05.075Z",1.09882,1.09887
"exness","EURUSD","2023-06-22 01:02:05.555Z",1.09883,1.09889
"exness","EURUSD","2023-06-22 01:02:06.652Z",1.09883,1.09888
"exness","EURUSD","2023-06-22 01:02:07.859Z",1.09882,1.09888
"exness","EURUSD","2023-06-22 01:02:13.391Z",1.09881,1.09887
"exness","EURUSD","2023-06-22 01:02:15.445Z",1.09881,1.09888
"exness","EURUSD","2023-06-22 01:02:16.541Z",1.09882,1.09888
"exness","EURUSD","2023-06-22 01:02:19.057Z",1.09883,1.09889
"exness","EURUSD","2023-06-22 01:02:20.241Z",1.09883,1.0989
"exness","EURUSD","2023-06-22 01:02:27.273Z",1.09884,1.09889
"exness","EURUSD","2023-06-22 01:02:32.735Z",1.09884,1.0989
"exness","EURUSD","2023-06-22 01:02:44.907Z",1.09883,1.09889
"exness","EURUSD","2023-06-22 01:02:45.186Z",1.09881,1.09887
"exness","EURUSD","2023-06-22 01:02:46.221Z",1.09881,1.09888
"exness","EURUSD","2023-06-22 01:02:46.621Z",1.09883,1.09888
"exness","EURUSD","2023-06-22 01:02:49.706Z",1.09882,1.09888
"exness","EURUSD","2023-06-22 01:02:49.874Z",1.09884,1.09889
"exness","EURUSD","2023-06-22 01:02:50.142Z",1.09884,1.0989
"exness","EURUSD","2023-06-22 01:02:52.173Z",1.09886,1.09892
"exness","EURUSD","2023-06-22 01:02:52.178Z",1.09887,1.09893
"exness","EURUSD","2023-06-22 01:02:53.478Z",1.09887,1.09894
"exness","EURUSD","2023-06-22 01:02:57.368Z",1.09886,1.09892
"exness","EURUSD","2023-06-22 01:02:58.651Z",1.09885,1.09891
"exness","EURUSD","2023-06-22 01:02:59.895Z",1.09887,1.09893
"exness","EURUSD","2023-06-22 01:03:01.351Z",1.09888,1.09893
"exness","EURUSD","2023-06-22 01:03:02.353Z",1.09887,1.09893
"exness","EURUSD","2023-06-22 01:03:03.353Z",1.09888,1.09894
"exness","EURUSD","2023-06-22 01:03:06.622Z",1.09889,1.09894
"exness","EURUSD","2023-06-22 01:03:07.273Z",1.0989,1.09896
"exness","EURUSD","2023-06-22 01:03:09.632Z",1.09891,1.09896
"exness","EURUSD","2023-06-22 01:03:10.667Z",1.0989,1.09896
"exness","EURUSD","2023-06-22 01:03:12.505Z",1.09892,1.09898
"exness","EURUSD","2023-06-22 01:03:12.533Z",1.09893,1.09898
"exness","EURUSD","2023-06-22 01:03:12.908Z",1.09894,1.099
"exness","EURUSD","2023-06-22 01:03:12.919Z",1.09895,1.0990199999999999
"exness","EURUSD","2023-06-22 01:03:13.174Z",1.09897,1.0990199999999999
"exness","EURUSD","2023-06-22 01:03:13.198Z",1.09895,1.0990199999999999
"exness","EURUSD","2023-06-22 01:03:13.441Z",1.09897,1.09903
"exness","EURUSD","2023-06-22 01:03:13.480Z",1.09899,1.09904
"exness","EURUSD","2023-06-22 01:03:13.501Z",1.09899,1.09905
"exness","EURUSD","2023-06-22 01:03:14.248Z",1.09901,1.09907
"exness","EURUSD","2023-06-22 01:03:14.351Z",1.09903,1.09908
"exness","EURUSD","2023-06-22 01:03:14.907Z",1.09901,1.09907
"exness","EURUSD","2023-06-22 01:03:16.200Z",1.099,1.09907
"exness","EURUSD","2023-06-22 01:03:17.175Z",1.0990199999999999,1.09907
"exness","EURUSD","2023-06-22 01:03:17.482Z",1.099,1.09907
"exness","EURUSD","2023-06-22 01:03:18.523Z",1.099,1.09906
"exness","EURUSD","2023-06-22 01:03:20.126Z",1.09899,1.09904
"exness","EURUSD","2023-06-22 01:03:20.239Z",1.09898,1.09904
"exness","EURUSD","2023-06-22 01:03:20.903Z",1.09896,1.0990199999999999
"exness","EURUSD","2023-06-22 01:03:21.946Z",1.09896,1.09901
"exness","EURUSD","2023-06-22 01:03:25.614Z",1.09895,1.09901
"exness","EURUSD","2023-06-22 01:03:30.250Z",1.09897,1.0990199999999999
"exness","EURUSD","2023-06-22 01:03:32.492Z",1.09896,1.0990199999999999
"exness","EURUSD","2023-06-22 01:03:33.515Z",1.09896,1.09903
"exness","EURUSD","2023-06-22 01:03:35.026Z",1.09897,1.0990199999999999
"exness","EURUSD","2023-06-22 01:03:37.882Z",1.09896,1.09903
"exness","EURUSD","2023-06-22 01:03:39.570Z",1.09897,1.09903
"exness","EURUSD","2023-06-22 01:03:51.463Z",1.09898,1.09904
"exness","EURUSD","2023-06-22 01:03:51.905Z",1.099,1.09905
"exness","EURUSD","2023-06-22 01:03:52.466Z",1.099,1.09906
"exness","EURUSD","2023-06-22 01:03:53.073Z",1.0990199999999999,1.09907
"exness","EURUSD","2023-06-22 01:03:55.869Z",1.09903,1.09909
"exness","EURUSD","2023-06-22 01:04:01.963Z",1.0990199999999999,1.09909
"exness","EURUSD","2023-06-22 01:04:04.501Z",1.09903,1.09909
"exness","EURUSD","2023-06-22 01:04:07.352Z",1.09901,1.09907
"exness","EURUSD","2023-06-22 01:04:09.807Z",1.0990199999999999,1.09908
"exness","EURUSD","2023-06-22 01:04:10.977Z",1.09903,1.0991
"exness","EURUSD","2023-06-22 01:04:16.113Z",1.09904,1.0991
"exness","EURUSD","2023-06-22 01:04:20.823Z",1.0990199999999999,1.09908
"exness","EURUSD","2023-06-22 01:04:22.267Z",1.09903,1.09908
"exness","EURUSD","2023-06-22 01:04:22.344Z",1.09901,1.09907
"exness","EURUSD","2023-06-22 01:04:23.547Z",1.09901,1.09906
"exness","EURUSD","2023-06-22 01:04:31.149Z",1.099,1.09906
"exness","EURUSD","2023-06-22 01:04:32.225Z",1.09899,1.09905
"exness","EURUSD","2023-06-22 01:04:34.393Z",1.09897,1.09904
"exness","EURUSD","2023-06-22 01:04:35.634Z",1.09898,1.09903
"exness","EURUSD","2023-06-22 01:04:36.801Z",1.09898,1.09905
"exness","EURUSD","2023-06-22 01:04:45.319Z",1.09899,1.09905
"exness","EURUSD","2023-06-22 01:04:45.729Z",1.09898,1.09904
"exness","EURUSD","2023-06-22 01:04:47.350Z",1.09897,1.09904
"exness","EURUSD","2023-06-22 01:04:53.240Z",1.09899,1.09905
"exness","EURUSD","2023-06-22 01:04:58.117Z",1.099,1.09906
"exness","EURUSD","2023-06-22 01:04:59.231Z",1.09901,1.09907
"exness","EURUSD","2023-06-22 01:05:00.232Z",1.0990199999999999,1.09908
"exness","EURUSD","2023-06-22 01:05:01.539Z",1.0990199999999999,1.09907
"exness","EURUSD","2023-06-22 01:05:01.652Z",1.09903,1.09909
"exness","EURUSD","2023-06-22 01:05:09.771Z",1.0990199999999999,1.09907
"exness","EURUSD","2023-06-22 01:05:11.011Z",1.0990199999999999,1.09909
"exness","EURUSD","2023-06-22 01:05:12.011Z",1.09904,1.09909
"exness","EURUSD","2023-06-22 01:05:16.606Z",1.09903,1.09909
"exness","EURUSD","2023-06-22 01:05:22.290Z",1.0990199999999999,1.09908
"exness","EURUSD","2023-06-22 01:05:25.409Z",1.09901,1.09908
"exness","EURUSD","2023-06-22 01:05:28.236Z",1.099,1.09907
"exness","EURUSD","2023-06-22 01:05:29.330Z",1.09899,1.09905
"exness","EURUSD","2023-06-22 01:05:30.733Z",1.099,1.09905
"exness","EURUSD","2023-06-22 01:05:35.816Z",1.09899,1.09905
"exness","EURUSD","2023-06-22 01:05:36.833Z",1.09897,1.09904
"exness","EURUSD","2023-06-22 01:05:39.532Z",1.09898,1.09903
"exness","EURUSD","2023-06-22 01:05:40.862Z",1.09896,1.09903
"exness","EURUSD","2023-06-22 01:05:42.543Z",1.09896,1.0990199999999999
"exness","EURUSD","2023-06-22 01:05:43.892Z",1.09897,1.09903
"exness","EURUSD","2023-06-22 01:05:53.629Z",1.09897,1.0990199999999999
"exness","EURUSD","2023-06-22 01:05:58.093Z",1.09896,1.09901
"exness","EURUSD","2023-06-22 01:05:59.230Z",1.09896,1.0990199999999999
"exness","EURUSD","2023-06-22 01:06:06.139Z",1.09895,1.09901
"exness","EURUSD","2023-06-22 01:06:19.276Z",1.09894,1.09901
"exness","EURUSD","2023-06-22 01:06:22.237Z",1.09894,1.099
"exness","EURUSD","2023-06-22 01:06:26.308Z",1.09892,1.09899
"exness","EURUSD","2023-06-22 01:06:27.942Z",1.09891,1.09897
"exness","EURUSD","2023-06-22 01:06:30.981Z",1.09892,1.09897
"exness","EURUSD","2023-06-22 01:06:32.406Z",1.09892,1.09898
"exness","EURUSD","2023-06-22 01:06:38.223Z",1.09893,1.09898
"exness","EURUSD","2023-06-22 01:06:38.251Z",1.09894,1.099
"exness","EURUSD","2023-06-22 01:06:38.493Z",1.09895,1.09901
"exness","EURUSD","2023-06-22 01:06:39.730Z",1.09896,1.0990199999999999
"exness","EURUSD","2023-06-22 01:06:39.968Z",1.09898,1.09903
"exness","EURUSD","2023-06-22 01:06:47.002Z",1.09897,1.09903
"exness","EURUSD","2023-06-22 01:07:01.307Z",1.09899,1.09905
"exness","EURUSD","2023-06-22 01:07:06.734Z",1.099,1.09905
"exness","EURUSD","2023-06-22 01:07:09.534Z",1.09898,1.09904
"exness","EURUSD","2023-06-22 01:07:09.567Z",1.09896,1.09903
"exness","EURUSD","2023-06-22 01:07:10.710Z",1.09895,1.0990199999999999
"exness","EURUSD","2023-06-22 01:07:12.085Z",1.09895,1.09901
"exness","EURUSD","2023-06-22 01:07:13.417Z",1.09896,1.09901
"exness","EURUSD","2023-06-22 01:07:16.912Z",1.09896,1.0990199999999999
"exness","EURUSD","2023-06-22 01:07:18.891Z",1.09896,1.09903
"exness","EURUSD","2023-06-22 01:07:22.002Z",1.09897,1.09903
"exness","EURUSD","2023-06-22 01:07:22.745Z",1.09898,1.09904
"exness","EURUSD","2023-06-22 01:07:23.332Z",1.09899,1.09904
"exness","EURUSD","2023-06-22 01:07:24.377Z",1.09899,1.09906
"exness","EURUSD","2023-06-22 01:07:30.344Z",1.099,1.09906
"exness","EURUSD","2023-06-22 01:07:33.420Z",1.09899,1.09906
"exness","EURUSD","2023-06-22 01:07:49.341Z",1.099,1.09906
"exness","EURUSD","2023-06-22 01:07:50.345Z",1.099,1.09905
"exness","EURUSD","2023-06-22 01:07:51.667Z",1.099,1.09906
"exness","EURUSD","2023-06-22 01:07:59.842Z",1.09899,1.09906
"exness","EURUSD","2023-06-22 01:08:01.508Z",1.099,1.09906
"exness","EURUSD","2023-06-22 01:08:07.434Z",1.099,1.09905
"exness","EURUSD","2023-06-22 01:08:08.863Z",1.099,1.09906
"exness","EURUSD","2023-06-22 01:08:12.132Z",1.099,1.09907
"exness","EURUSD","2023-06-22 01:08:12.410Z",1.0990199999999999,1.09908
"exness","EURUSD","2023-06-22 01:08:12.845Z",1.09903,1.0991
"exness","EURUSD","2023-06-22 01:08:13.892Z",1.09904,1.0991
"exness","EURUSD","2023-06-22 01:08:16.974Z",1.09905,1.0991
"exness","EURUSD","2023-06-22 01:08:19.173Z",1.09903,1.09909
"exness","EURUSD","2023-06-22 01:08:19.189Z",1.09901,1.09908
"exness","EURUSD","2023-06-22 01:08:20.222Z",1.099,1.09906
"exness","EURUSD","2023-06-22 01:08:20.466Z",1.0990199999999999,1.09908
"exness","EURUSD","2023-06-22 01:08:20.622Z",1.09904,1.09909
"exness","EURUSD","2023-06-22 01:08:23.272Z",1.09903,1.0991
"exness","EURUSD","2023-06-22 01:08:24.528Z",1.09904,1.0991
"exness","EURUSD","2023-06-22 01:08:32.472Z",1.0990199999999999,1.09908
"exness","EURUSD","2023-06-22 01:08:37.818Z",1.09903,1.09909
"exness","EURUSD","2023-06-22 01:08:38.994Z",1.09904,1.0991
"exness","EURUSD","2023-06-22 01:08:40.231Z",1.09905,1.0991
"exness","EURUSD","2023-06-22 01:08:43.631Z",1.09904,1.0991
"exness","EURUSD","2023-06-22 01:08:46.401Z",1.09905,1.09911
"exness","EURUSD","2023-06-22 01:08:47.769Z",1.09904,1.09911
