"Exness","Symbol","Timestamp","Bid","Ask"
"exness","EURUSD","2023-06-15 00:00:01.180Z",1.08427,1.08432
"exness","EURUSD","2023-06-15 00:00:06.016Z",1.08427,1.08433
"exness","EURUSD","2023-06-15 00:00:06.643Z",1.08429,1.08435
"exness","EURUSD","2023-06-15 00:00:08.930Z",1.0843,1.08437
"exness","EURUSD","2023-06-15 00:00:08.973Z",1.08432,1.08438
"exness","EURUSD","2023-06-15 00:00:16.068Z",1.08433,1.08438
"exness","EURUSD","2023-06-15 00:00:27.690Z",1.0843099999999999,1.08437
"exness","EURUSD","2023-06-15 00:00:27.709Z",1.08429,1.08435
"exness","EURUSD","2023-06-15 00:00:30.041Z",1.08429,1.08434
"exness","EURUSD","2023-06-15 00:00:38.680Z",1.08428,1.08434
"exness","EURUSD","2023-06-15 00:00:38.732Z",1.08426,1.08432
"exness","EURUSD","2023-06-15 00:00:38.896Z",1.08425,1.0843099999999999
"exness","EURUSD","2023-06-15 00:00:43.870Z",1.08423,1.08429
"exness","EURUSD","2023-06-15 00:00:45.359Z",1.08421,1.08428
"exness","EURUSD","2023-06-15 00:00:45.426Z",1.0842,1.08426
"exness","EURUSD","2023-06-15 00:00:48.402Z",1.08419,1.08425
"exness","EURUSD","2023-06-15 00:00:54.673Z",1.0842,1.08427
"exness","EURUSD","2023-06-15 00:00:55.718Z",1.08419,1.08425
"exness","EURUSD","2023-06-15 00:01:02.865Z",1.0842,1.08427
"exness","EURUSD","2023-06-15 00:01:06.296Z",1.08418,1.08425
"exness","EURUSD","2023-06-15 00:01:16.070Z",1.0842,1.08425
"exness","EURUSD","2023-06-15 00:01:21.005Z",1.0842,1.08426
"exness","EURUSD","2023-06-15 00:01:31.336Z",1.08421,1.08427
"exness","EURUSD","2023-06-15 00:01:44.615Z",1.0842,1.08426
"exness","EURUSD","2023-06-15 00:02:03.234Z",1.08421,1.08427
"exness","EURUSD","2023-06-15 00:02:03.257Z",1.08422,1.08429
"exness","EURUSD","2023-06-15 00:02:03.277Z",1.08424,1.0843
"exness","EURUSD","2023-06-15 00:02:03.434Z",1.08425,1.08432
"exness","EURUSD","2023-06-15 00:02:03.757Z",1.08428,1.08433
"exness","EURUSD","2023-06-15 00:02:04.198Z",1.08428,1.08434
"exness","EURUSD","2023-06-15 00:02:04.210Z",1.0843,1.08436
"exness","EURUSD","2023-06-15 00:02:05.314Z",1.0843099999999999,1.08437
"exness","EURUSD","2023-06-15 00:02:05.349Z",1.08432,1.08439
"exness","EURUSD","2023-06-15 00:02:05.839Z",1.08434,1.08439
"exness","EURUSD","2023-06-15 00:02:10.926Z",1.08432,1.08438
"exness","EURUSD","2023-06-15 00:02:11.911Z",1.0843099999999999,1.08436
"exness","EURUSD","2023-06-15 00:02:17.215Z",1.08432,1.08438
"exness","EURUSD","2023-06-15 00:02:18.356Z",1.08433,1.08439
"exness","EURUSD","2023-06-15 00:02:20.531Z",1.08435,1.0844
"exness","EURUSD","2023-06-15 00:02:21.350Z",1.08435,1.08442
"exness","EURUSD","2023-06-15 00:02:39.627Z",1.08437,1.08443
"exness","EURUSD","2023-06-15 00:02:40.116Z",1.08438,1.08444
"exness","EURUSD","2023-06-15 00:02:40.156Z",1.0844,1.08446
"exness","EURUSD","2023-06-15 00:02:40.203Z",1.08441,1.08448
"exness","EURUSD","2023-06-15 00:02:43.265Z",1.0844,1.08446
"exness","EURUSD","2023-06-15 00:02:59.836Z",1.08442,1.08448
"exness","EURUSD","2023-06-15 00:03:02.103Z",1.0844,1.08446
"exness","EURUSD","2023-06-15 00:03:02.650Z",1.08442,1.08447
"exness","EURUSD","2023-06-15 00:03:18.543Z",1.08442,1.08448
"exness","EURUSD","2023-06-15 00:03:39.753Z",1.0844,1.08447
"exness","EURUSD","2023-06-15 00:03:41.244Z",1.08438,1.08445
"exness","EURUSD","2023-06-15 00:03:41.280Z",1.08437,1.08443
"exness","EURUSD","2023-06-15 00:03:41.344Z",1.08436,1.08441
"exness","EURUSD","2023-06-15 00:03:42.108Z",1.08435,1.08441
"exness","EURUSD","2023-06-15 00:03:44.372Z",1.08433,1.08439
"exness","EURUSD","2023-06-15 00:03:44.683Z",1.0843099999999999,1.08437
"exness","EURUSD","2023-06-15 00:03:46.221Z",1.08429,1.08436
"exness","EURUSD","2023-06-15 00:03:47.898Z",1.08428,1.08433
"exness","EURUSD","2023-06-15 00:03:50.161Z",1.08427,1.08432
"exness","EURUSD","2023-06-15 00:03:54.317Z",1.08425,1.0843099999999999
"exness","EURUSD","2023-06-15 00:03:56.239Z",1.08425,1.0843
"exness","EURUSD","2023-06-15 00:03:57.839Z",1.08423,1.0843
"exness","EURUSD","2023-06-15 00:03:57.878Z",1.08422,1.08428
"exness","EURUSD","2023-06-15 00:04:11.179Z",1.0842,1.08427
"exness","EURUSD","2023-06-15 00:04:16.133Z",1.08419,1.08425
"exness","EURUSD","2023-06-15 00:04:17.219Z",1.08418,1.08423
"exness","EURUSD","2023-06-15 00:04:18.922Z",1.08417,1.08423
"exness","EURUSD","2023-06-15 00:04:25.221Z",1.08415,1.08422
"exness","EURUSD","2023-06-15 00:04:26.761Z",1.08414,1.08421
"exness","EURUSD","2023-06-15 00:04:26.790Z",1.08416,1.08421
"exness","EURUSD","2023-06-15 00:04:26.809Z",1.08417,1.08423
"exness","EURUSD","2023-06-15 00:04:26.886Z",1.08418,1.08423
"exness","EURUSD","2023-06-15 00:04:30.626Z",1.08419,1.08425
"exness","EURUSD","2023-06-15 00:05:20.847Z",1.0842,1.08426
"exness","EURUSD","2023-06-15 00:05:50.369Z",1.08423,1.08429
"exness","EURUSD","2023-06-15 00:06:00.176Z",1.08425,1.0843099999999999
"exness","EURUSD","2023-06-15 00:06:00.185Z",1.08427,1.08433
"exness","EURUSD","2023-06-15 00:06:00.251Z",1.08428,1.08434
"exness","EURUSD","2023-06-15 00:06:00.274Z",1.0843,1.08436
"exness","EURUSD","2023-06-15 00:06:02.575Z",1.08429,1.08435
"exness","EURUSD","2023-06-15 00:06:10.014Z",1.08427,1.08433
"exness","EURUSD","2023-06-15 00:06:11.077Z",1.08427,1.08432
"exness","EURUSD","2023-06-15 00:06:13.808Z",1.08427,1.08434
"exness","EURUSD","2023-06-15 00:06:34.882Z",1.08428,1.08435
"exness","EURUSD","2023-06-15 00:06:58.157Z",1.0843,1.08436
"exness","EURUSD","2023-06-15 00:07:00.696Z",1.08432,1.08437
"exness","EURUSD","2023-06-15 00:07:02.993Z",1.08432,1.08438
"exness","EURUSD","2023-06-15 00:07:51.849Z",1.0843,1.08436
"exness","EURUSD","2023-06-15 00:07:51.874Z",1.08428,1.08435
"exness","EURUSD","2023-06-15 00:07:51.882Z",1.08427,1.08433
"exness","EURUSD","2023-06-15 00:07:51.919Z",1.08425,1.0843099999999999
"exness","EURUSD","2023-06-15 00:07:54.432Z",1.08425,1.0843
"exness","EURUSD","2023-06-15 00:07:59.556Z",1.08425,1.0843099999999999
"exness","EURUSD","2023-06-15 00:08:09.753Z",1.08424,1.0843
"exness","EURUSD","2023-06-15 00:08:57.123Z",1.08422,1.08428
"exness","EURUSD","2023-06-15 00:08:58.253Z",1.08421,1.08427
"exness","EURUSD","2023-06-15 00:09:03.521Z",1.0842,1.08426
"exness","EURUSD","2023-06-15 00:09:04.441Z",1.08418,1.08424
"exness","EURUSD","2023-06-15 00:09:04.474Z",1.08417,1.08423
"exness","EURUSD","2023-06-15 00:09:04.536Z",1.08416,1.08421
"exness","EURUSD","2023-06-15 00:09:08.113Z",1.08415,1.08421
"exness","EURUSD","2023-06-15 00:09:08.537Z",1.08413,1.08419
"exness","EURUSD","2023-06-15 00:09:11.695Z",1.08412,1.08418
"exness","EURUSD","2023-06-15 00:09:12.220Z",1.08414,1.0842
"exness","EURUSD","2023-06-15 00:09:12.237Z",1.08415,1.08422
"exness","EURUSD","2023-06-15 00:09:12.267Z",1.08417,1.08423
"exness","EURUSD","2023-06-15 00:09:14.036Z",1.08418,1.08423
"exness","EURUSD","2023-06-15 00:09:19.337Z",1.08416,1.08423
"exness","EURUSD","2023-06-15 00:09:36.920Z",1.08415,1.08421
"exness","EURUSD","2023-06-15 00:09:36.928Z",1.08413,1.08419
"exness","EURUSD","2023-06-15 00:09:36.990Z",1.08412,1.08417
"exness","EURUSD","2023-06-15 00:09:37.009Z",1.08411,1.08417
"exness","EURUSD","2023-06-15 00:09:37.180Z",1.0841,1.08415
"exness","EURUSD","2023-06-15 00:09:37.192Z",1.0841,1.08417
"exness","EURUSD","2023-06-15 00:09:37.244Z",1.08412,1.08418
"exness","EURUSD","2023-06-15 00:09:44.473Z",1.08413,1.0842
"exness","EURUSD","2023-06-15 00:09:48.649Z",1.08414,1.08421
"exness","EURUSD","2023-06-15 00:09:49.063Z",1.08416,1.08421
"exness","EURUSD","2023-06-15 00:10:32.722Z",1.08415,1.08421
"exness","EURUSD","2023-06-15 00:10:52.420Z",1.08413,1.08419
"exness","EURUSD","2023-06-15 00:10:56.654Z",1.08411,1.08417
"exness","EURUSD","2023-06-15 00:10:56.707Z",1.08409,1.08415
"exness","EURUSD","2023-06-15 00:10:59.153Z",1.08407,1.08413
"exness","EURUSD","2023-06-15 00:10:59.162Z",1.08406,1.08412
"exness","EURUSD","2023-06-15 00:10:59.214Z",1.08404,1.0841
"exness","EURUSD","2023-06-15 00:10:59.348Z",1.08403,1.08408
"exness","EURUSD","2023-06-15 00:11:29.345Z",1.08401,1.08407
"exness","EURUSD","2023-06-15 00:11:36.005Z",1.08399,1.08405
"exness","EURUSD","2023-06-15 00:11:37.941Z",1.08398,1.08404
"exness","EURUSD","2023-06-15 00:12:03.765Z",1.084,1.08407
"exness","EURUSD","2023-06-15 00:12:07.270Z",1.08402,1.08409
"exness","EURUSD","2023-06-15 00:12:07.803Z",1.08401,1.08407
"exness","EURUSD","2023-06-15 00:12:48.322Z",1.08402,1.08408
"exness","EURUSD","2023-06-15 00:12:56.569Z",1.084,1.08406
"exness","EURUSD","2023-06-15 00:12:59.449Z",1.08399,1.08405
"exness","EURUSD","2023-06-15 00:13:50.236Z",1.084,1.08405
"exness","EURUSD","2023-06-15 00:13:50.253Z",1.08401,1.08407
"exness","EURUSD","2023-06-15 00:13:54.651Z",1.08402,1.08408
"exness","EURUSD","2023-06-15 00:13:56.393Z",1.084,1.08406
"exness","EURUSD","2023-06-15 00:13:58.422Z",1.084,1.08405
"exness","EURUSD","2023-06-15 00:14:01.969Z",1.084,1.08406
"exness","EURUSD","2023-06-15 00:14:08.611Z",1.08402,1.08408
"exness","EURUSD","2023-06-15 00:14:08.667Z",1.08403,1.08408
"exness","EURUSD","2023-06-15 00:14:09.668Z",1.08403,1.08409
"exness","EURUSD","2023-06-15 00:14:15.221Z",1.08401,1.08408
"exness","EURUSD","2023-06-15 00:14:20.146Z",1.08401,1.08406
"exness","EURUSD","2023-06-15 00:14:23.245Z",1.084,1.08406
"exness","EURUSD","2023-06-15 00:14:25.381Z",1.08402,1.08408
"exness","EURUSD","2023-06-15 00:14:32.346Z",1.08403,1.08409
"exness","EURUSD","2023-06-15 00:14:41.255Z",1.08404,1.08409
"exness","EURUSD","2023-06-15 00:14:41.646Z",1.08405,1.08411
"exness","EURUSD","2023-06-15 00:14:41.663Z",1.08406,1.08413
"exness","EURUSD","2023-06-15 00:14:43.632Z",1.08408,1.08413
"exness","EURUSD","2023-06-15 00:14:49.587Z",1.08407,1.08414
"exness","EURUSD","2023-06-15 00:14:52.854Z",1.08406,1.08412
"exness","EURUSD","2023-06-15 00:14:53.416Z",1.08405,1.0841
"exness","EURUSD","2023-06-15 00:15:02.679Z",1.08403,1.0841
"exness","EURUSD","2023-06-15 00:15:04.247Z",1.08401,1.08407
"exness","EURUSD","2023-06-15 00:15:04.624Z",1.08401,1.08406
"exness","EURUSD","2023-06-15 00:15:20.420Z",1.08402,1.08408
"exness","EURUSD","2023-06-15 00:15:27.323Z",1.08403,1.08408
"exness","EURUSD","2023-06-15 00:15:38.337Z",1.08404,1.08411
"exness","EURUSD","2023-06-15 00:15:38.349Z",1.08406,1.08412
"exness","EURUSD","2023-06-15 00:15:38.378Z",1.08408,1.08414
"exness","EURUSD","2023-06-15 00:15:38.423Z",1.08409,1.08415
"exness","EURUSD","2023-06-15 00:15:38.496Z",1.08411,1.08416
"exness","EURUSD","2023-06-15 00:15:49.784Z",1.08412,1.08418
"exness","EURUSD","2023-06-15 00:15:58.150Z",1.08411,1.08417
"exness","EURUSD","2023-06-15 00:16:00.184Z",1.08409,1.08416
"exness","EURUSD","2023-06-15 00:16:05.498Z",1.08407,1.08414
"exness","EURUSD","2023-06-15 00:16:06.615Z",1.08406,1.08413
"exness","EURUSD","2023-06-15 00:16:31.702Z",1.08408,1.08415
"exness","EURUSD","2023-06-15 00:16:31.722Z",1.0841,1.08416
"exness","EURUSD","2023-06-15 00:16:32.673Z",1.08411,1.08418
"exness","EURUSD","2023-06-15 00:16:46.621Z",1.08413,1.08418
"exness","EURUSD","2023-06-15 00:17:00.002Z",1.08414,1.0842
"exness","EURUSD","2023-06-15 00:17:03.618Z",1.08411,1.08418
"exness","EURUSD","2023-06-15 00:17:03.642Z",1.0841,1.08416
"exness","EURUSD","2023-06-15 00:17:03.759Z",1.08408,1.08415
"exness","EURUSD","2023-06-15 00:17:04.741Z",1.08408,1.08413
"exness","EURUSD","2023-06-15 00:17:25.249Z",1.08407,1.08413
"exness","EURUSD","2023-06-15 00:17:53.168Z",1.08408,1.08414
"exness","EURUSD","2023-06-15 00:17:59.482Z",1.0841,1.08416
"exness","EURUSD","2023-06-15 00:18:01.911Z",1.08411,1.08417
"exness","EURUSD","2023-06-15 00:18:02.977Z",1.08413,1.08419
"exness","EURUSD","2023-06-15 00:18:43.891Z",1.0841,1.08417
"exness","EURUSD","2023-06-15 00:18:52.377Z",1.08412,1.08418
"exness","EURUSD","2023-06-15 00:19:46.797Z",1.0841,1.08416
"exness","EURUSD","2023-06-15 00:19:51.947Z",1.08409,1.08415
"exness","EURUSD","2023-06-15 00:19:51.998Z",1.08407,1.08413
"exness","EURUSD","2023-06-15 00:19:53.210Z",1.08407,1.08412
"exness","EURUSD","2023-06-15 00:19:55.375Z",1.08405,1.08411
"exness","EURUSD","2023-06-15 00:19:58.636Z",1.08406,1.08413
"exness","EURUSD","2023-06-15 00:20:02.671Z",1.08405,1.08411
"exness","EURUSD","2023-06-15 00:20:04.021Z",1.08403,1.08409
"exness","EURUSD","2023-06-15 00:20:04.103Z",1.08401,1.08408
"exness","EURUSD","2023-06-15 00:20:05.190Z",1.084,1.08406
"exness","EURUSD","2023-06-15 00:20:16.954Z",1.08399,1.08405
"exness","EURUSD","2023-06-15 00:20:35.268Z",1.08397,1.08403
"exness","EURUSD","2023-06-15 00:20:40.703Z",1.08397,1.08402
"exness","EURUSD","2023-06-15 00:20:57.749Z",1.08396,1.08402
"exness","EURUSD","2023-06-15 00:21:08.128Z",1.08395,1.08401
"exness","EURUSD","2023-06-15 00:21:22.589Z",1.08393,1.08399
"exness","EURUSD","2023-06-15 00:21:22.595Z",1.08391,1.08397
"exness","EURUSD","2023-06-15 00:21:22.644Z",1.08389,1.08396
"exness","EURUSD","2023-06-15 00:21:52.231Z",1.08388,1.08394
"exness","EURUSD","2023-06-15 00:21:54.280Z",1.0838700000000001,1.08393
"exness","EURUSD","2023-06-15 00:21:56.846Z",1.08386,1.08392
"exness","EURUSD","2023-06-15 00:22:01.333Z",1.08384,1.08391
"exness","EURUSD","2023-06-15 00:22:03.726Z",1.08383,1.08389
"exness","EURUSD","2023-06-15 00:22:04.200Z",1.08383,1.08388
"exness","EURUSD","2023-06-15 00:22:07.065Z",1.08382,1.08388
"exness","EURUSD","2023-06-15 00:22:09.208Z",1.08381,1.08386
"exness","EURUSD","2023-06-15 00:22:19.521Z",1.0838,1.08386
"exness","EURUSD","2023-06-15 00:22:33.538Z",1.08382,1.08388
"exness","EURUSD","2023-06-15 00:22:35.299Z",1.08384,1.0839
"exness","EURUSD","2023-06-15 00:22:40.628Z",1.08385,1.08391
"exness","EURUSD","2023-06-15 00:22:44.916Z",1.0838700000000001,1.08393
"exness","EURUSD","2023-06-15 00:22:44.948Z",1.08388,1.08394
"exness","EURUSD","2023-06-15 00:22:46.834Z",1.0838700000000001,1.08393
"exness","EURUSD","2023-06-15 00:22:48.824Z",1.08386,1.08392
"exness","EURUSD","2023-06-15 00:22:51.576Z",1.08384,1.0839
"exness","EURUSD","2023-06-15 00:22:54.626Z",1.08384,1.08389
"exness","EURUSD","2023-06-15 00:23:01.523Z",1.08382,1.08388
"exness","EURUSD","2023-06-15 00:23:20.946Z",1.08381,1.0838700000000001
"exness","EURUSD","2023-06-15 00:23:34.992Z",1.08382,1.08388
"exness","EURUSD","2023-06-15 00:23:35.858Z",1.0838,1.08386
"exness","EURUSD","2023-06-15 00:23:46.245Z",1.0838,1.08385
"exness","EURUSD","2023-06-15 00:23:50.962Z",1.08381,1.0838700000000001
"exness","EURUSD","2023-06-15 00:23:53.322Z",1.08382,1.0838700000000001
"exness","EURUSD","2023-06-15 00:23:58.367Z",1.08382,1.08388
"exness","EURUSD","2023-06-15 00:24:17.345Z",1.08381,1.0838700000000001
"exness","EURUSD","2023-06-15 00:24:31.798Z",1.08381,1.08386
"exness","EURUSD","2023-06-15 00:25:04.501Z",1.08381,1.0838700000000001
"exness","EURUSD","2023-06-15 00:25:13.817Z",1.08383,1.08389
"exness","EURUSD","2023-06-15 00:25:13.853Z",1.08385,1.08391
"exness","EURUSD","2023-06-15 00:25:16.534Z",1.08386,1.08392
"exness","EURUSD","2023-06-15 00:25:20.626Z",1.08385,1.0839
"exness","EURUSD","2023-06-15 00:25:20.632Z",1.08383,1.0839
"exness","EURUSD","2023-06-15 00:25:20.654Z",1.08383,1.08388
"exness","EURUSD","2023-06-15 00:25:23.923Z",1.08381,1.0838700000000001
"exness","EURUSD","2023-06-15 00:25:34.759Z",1.0838,1.08386
"exness","EURUSD","2023-06-15 00:26:03.519Z",1.08382,1.08388
"exness","EURUSD","2023-06-15 00:26:03.605Z",1.08383,1.0839
"exness","EURUSD","2023-06-15 00:26:03.779Z",1.08385,1.08391
"exness","EURUSD","2023-06-15 00:26:08.425Z",1.0838700000000001,1.08392
"exness","EURUSD","2023-06-15 00:26:16.216Z",1.08388,1.08394
"exness","EURUSD","2023-06-15 00:26:16.238Z",1.08389,1.08396
"exness","EURUSD","2023-06-15 00:26:17.432Z",1.08391,1.08396
"exness","EURUSD","2023-06-15 00:26:18.463Z",1.08391,1.08398
"exness","EURUSD","2023-06-15 00:26:18.485Z",1.08393,1.08399
"exness","EURUSD","2023-06-15 00:26:18.652Z",1.08395,1.084
"exness","EURUSD","2023-06-15 00:26:25.954Z",1.08393,1.084
"exness","EURUSD","2023-06-15 00:27:11.458Z",1.08392,1.08398
"exness","EURUSD","2023-06-15 00:27:11.494Z",1.0839,1.08396
"exness","EURUSD","2023-06-15 00:27:12.011Z",1.0839,1.08395
"exness","EURUSD","2023-06-15 00:27:14.106Z",1.08388,1.08394
"exness","EURUSD","2023-06-15 00:27:16.230Z",1.0839,1.08396
"exness","EURUSD","2023-06-15 00:27:17.970Z",1.08391,1.08398
"exness","EURUSD","2023-06-15 00:27:19.463Z",1.08393,1.08398
"exness","EURUSD","2023-06-15 00:27:25.365Z",1.08393,1.08399
"exness","EURUSD","2023-06-15 00:27:27.673Z",1.08392,1.08398
"exness","EURUSD","2023-06-15 00:27:29.632Z",1.08393,1.08399
"exness","EURUSD","2023-06-15 00:27:30.243Z",1.08395,1.08401
"exness","EURUSD","2023-06-15 00:27:48.514Z",1.08397,1.08403
"exness","EURUSD","2023-06-15 00:27:48.532Z",1.08398,1.08405
"exness","EURUSD","2023-06-15 00:28:01.392Z",1.084,1.08406
"exness","EURUSD","2023-06-15 00:28:38.614Z",1.08402,1.08408
"exness","EURUSD","2023-06-15 00:28:38.628Z",1.08403,1.0841
"exness","EURUSD","2023-06-15 00:28:38.701Z",1.08405,1.08411
"exness","EURUSD","2023-06-15 00:28:39.306Z",1.08406,1.08413
"exness","EURUSD","2023-06-15 00:28:45.012Z",1.08405,1.08412
"exness","EURUSD","2023-06-15 00:28:56.823Z",1.08404,1.08411
"exness","EURUSD","2023-06-15 00:28:57.027Z",1.08403,1.08409
"exness","EURUSD","2023-06-15 00:29:19.950Z",1.08404,1.0841
"exness","EURUSD","2023-06-15 00:29:30.176Z",1.08402,1.08407
"exness","EURUSD","2023-06-15 00:29:30.797Z",1.08401,1.08407
"exness","EURUSD","2023-06-15 00:29:30.846Z",1.08399,1.08406
"exness","EURUSD","2023-06-15 00:29:31.570Z",1.08399,1.08404
"exness","EURUSD","2023-06-15 00:29:35.811Z",1.08397,1.08403
"exness","EURUSD","2023-06-15 00:29:35.848Z",1.08395,1.08401
"exness","EURUSD","2023-06-15 00:29:35.923Z",1.08395,1.084
"exness","EURUSD","2023-06-15 00:29:38.272Z",1.08393,1.08399
"exness","EURUSD","2023-06-15 00:29:49.119Z",1.08395,1.08401
"exness","EURUSD","2023-06-15 00:30:04.119Z",1.08395,1.084
"exness","EURUSD","2023-06-15 00:30:05.235Z",1.08393,1.084
"exness","EURUSD","2023-06-15 00:30:16.007Z",1.08395,1.08401
"exness","EURUSD","2023-06-15 00:30:17.860Z",1.08394,1.084
"exness","EURUSD","2023-06-15 00:30:23.552Z",1.08395,1.084
"exness","EURUSD","2023-06-15 00:30:51.072Z",1.08396,1.08402
"exness","EURUSD","2023-06-15 00:30:51.091Z",1.08398,1.08404
"exness","EURUSD","2023-06-15 00:30:51.158Z",1.08399,1.08405
"exness","EURUSD","2023-06-15 00:31:07.962Z",1.08401,1.08407
"exness","EURUSD","2023-06-15 00:31:08.917Z",1.08403,1.08409
"exness","EURUSD","2023-06-15 00:31:17.066Z",1.08404,1.08409
"exness","EURUSD","2023-06-15 00:31:21.467Z",1.08403,1.08409
"exness","EURUSD","2023-06-15 00:31:29.861Z",1.08404,1.0841
"exness","EURUSD","2023-06-15 00:31:31.856Z",1.08406,1.08412
"exness","EURUSD","2023-06-15 00:31:31.876Z",1.08408,1.08414
"exness","EURUSD","2023-06-15 00:31:37.110Z",1.08405,1.08411
"exness","EURUSD","2023-06-15 00:31:37.157Z",1.08404,1.0841
"exness","EURUSD","2023-06-15 00:31:37.189Z",1.08402,1.08408
"exness","EURUSD","2023-06-15 00:31:43.977Z",1.084,1.08407
"exness","EURUSD","2023-06-15 00:31:44.035Z",1.08399,1.08405
"exness","EURUSD","2023-06-15 00:31:49.095Z",1.08398,1.08403
"exness","EURUSD","2023-06-15 00:31:54.744Z",1.08398,1.08404
"exness","EURUSD","2023-06-15 00:32:23.182Z",1.084,1.08406
"exness","EURUSD","2023-06-15 00:32:23.264Z",1.08399,1.08404
"exness","EURUSD","2023-06-15 00:32:24.484Z",1.08398,1.08405
"exness","EURUSD","2023-06-15 00:32:27.203Z",1.084,1.08406
"exness","EURUSD","2023-06-15 00:32:49.807Z",1.08398,1.08405
"exness","EURUSD","2023-06-15 00:32:56.545Z",1.08398,1.08403
"exness","EURUSD","2023-06-15 00:32:59.618Z",1.08398,1.08404
"exness","EURUSD","2023-06-15 00:33:22.852Z",1.084,1.08406
"exness","EURUSD","2023-06-15 00:33:23.486Z",1.08401,1.08406
"exness","EURUSD","2023-06-15 00:33:34.668Z",1.08399,1.08406
"exness","EURUSD","2023-06-15 00:33:35.878Z",1.08398,1.08404
"exness","EURUSD","2023-06-15 00:34:12.772Z",1.084,1.08406
"exness","EURUSD","2023-06-15 00:34:13.250Z",1.08401,1.08407
"exness","EURUSD","2023-06-15 00:34:27.474Z",1.08403,1.08409
"exness","EURUSD","2023-06-15 00:34:27.579Z",1.08405,1.08411
"exness","EURUSD","2023-06-15 00:34:28.522Z",1.08406,1.08411
"exness","EURUSD","2023-06-15 00:34:45.687Z",1.08408,1.08414
"exness","EURUSD","2023-06-15 00:34:49.132Z",1.08409,1.08415
"exness","EURUSD","2023-06-15 00:35:45.962Z",1.08409,1.08414
"exness","EURUSD","2023-06-15 00:35:52.661Z",1.08409,1.08416
"exness","EURUSD","2023-06-15 00:37:09.453Z",1.08408,1.08414
"exness","EURUSD","2023-06-15 00:37:17.199Z",1.08409,1.08416
"exness","EURUSD","2023-06-15 00:37:31.008Z",1.08408,1.08415
"exness","EURUSD","2023-06-15 00:37:37.426Z",1.0841,1.08415
"exness","EURUSD","2023-06-15 00:38:03.574Z",1.08409,1.08415
"exness","EURUSD","2023-06-15 00:38:22.970Z",1.08407,1.08413
"exness","EURUSD","2023-06-15 00:38:22.995Z",1.08406,1.08412
"exness","EURUSD","2023-06-15 00:38:23.483Z",1.08404,1.0841
"exness","EURUSD","2023-06-15 00:38:35.809Z",1.08405,1.08412
"exness","EURUSD","2023-06-15 00:38:47.880Z",1.08404,1.0841
"exness","EURUSD","2023-06-15 00:39:06.387Z",1.08401,1.08408
"exness","EURUSD","2023-06-15 00:39:06.442Z",1.084,1.08406
"exness","EURUSD","2023-06-15 00:39:06.458Z",1.08398,1.08405
"exness","EURUSD","2023-06-15 00:39:06.478Z",1.08397,1.08403
"exness","EURUSD","2023-06-15 00:39:06.494Z",1.08395,1.08401
"exness","EURUSD","2023-06-15 00:39:06.907Z",1.08395,1.084
"exness","EURUSD","2023-06-15 00:39:08.236Z",1.08394,1.084
"exness","EURUSD","2023-06-15 00:39:18.630Z",1.08392,1.08398
"exness","EURUSD","2023-06-15 00:39:18.642Z",1.0839,1.08396
"exness","EURUSD","2023-06-15 00:39:18.654Z",1.08389,1.08395
"exness","EURUSD","2023-06-15 00:39:18.709Z",1.0838700000000001,1.08393
"exness","EURUSD","2023-06-15 00:39:43.551Z",1.08385,1.08391
"exness","EURUSD","2023-06-15 00:39:44.733Z",1.08384,1.0839
"exness","EURUSD","2023-06-15 00:40:11.554Z",1.08385,1.08392
"exness","EURUSD","2023-06-15 00:40:13.621Z",1.08386,1.08393
"exness","EURUSD","2023-06-15 00:40:14.746Z",1.08388,1.08394
"exness","EURUSD","2023-06-15 00:40:14.833Z",1.08389,1.08395
"exness","EURUSD","2023-06-15 00:40:16.443Z",1.0839,1.08395
"exness","EURUSD","2023-06-15 00:40:25.549Z",1.08389,1.08395
"exness","EURUSD","2023-06-15 00:40:48.208Z",1.08391,1.08397
"exness","EURUSD","2023-06-15 00:41:08.151Z",1.08393,1.08399
"exness","EURUSD","2023-06-15 00:41:12.712Z",1.08394,1.08401
"exness","EURUSD","2023-06-15 00:41:20.915Z",1.08393,1.08399
"exness","EURUSD","2023-06-15 00:41:22.810Z",1.08393,1.08398
"exness","EURUSD","2023-06-15 00:41:29.711Z",1.08392,1.08399
"exness","EURUSD","2023-06-15 00:41:37.799Z",1.08391,1.08398
"exness","EURUSD","2023-06-15 00:41:40.103Z",1.08392,1.08399
"exness","EURUSD","2023-06-15 00:41:42.745Z",1.0839,1.08396
"exness","EURUSD","2023-06-15 00:41:42.819Z",1.08388,1.08395
"exness","EURUSD","2023-06-15 00:41:42.870Z",1.0838700000000001,1.08393
"exness","EURUSD","2023-06-15 00:41:44.045Z",1.08386,1.08392
"exness","EURUSD","2023-06-15 00:41:59.971Z",1.08384,1.0839
"exness","EURUSD","2023-06-15 00:41:59.999Z",1.08382,1.08388
"exness","EURUSD","2023-06-15 00:42:00.014Z",1.08381,1.0838700000000001
"exness","EURUSD","2023-06-15 00:42:00.033Z",1.08381,1.08386
"exness","EURUSD","2023-06-15 00:42:01.934Z",1.08379,1.08384
"exness","EURUSD","2023-06-15 00:42:02.490Z",1.08378,1.08384
"exness","EURUSD","2023-06-15 00:42:02.514Z",1.08377,1.08382
"exness","EURUSD","2023-06-15 00:42:07.451Z",1.08376,1.08382
"exness","EURUSD","2023-06-15 00:42:08.122Z",1.08377,1.08384
"exness","EURUSD","2023-06-15 00:42:08.158Z",1.08379,1.08385
"exness","EURUSD","2023-06-15 00:42:13.454Z",1.08381,1.08388
"exness","EURUSD","2023-06-15 00:42:17.988Z",1.08382,1.08389
"exness","EURUSD","2023-06-15 00:42:20.801Z",1.08382,1.0838700000000001
"exness","EURUSD","2023-06-15 00:42:24.204Z",1.08384,1.08389
"exness","EURUSD","2023-06-15 00:42:26.352Z",1.08382,1.08388
"exness","EURUSD","2023-06-15 00:42:36.682Z",1.08384,1.08389
"exness","EURUSD","2023-06-15 00:42:36.797Z",1.08382,1.08388
"exness","EURUSD","2023-06-15 00:42:43.954Z",1.08383,1.08389
"exness","EURUSD","2023-06-15 00:42:53.337Z",1.08383,1.08388
"exness","EURUSD","2023-06-15 00:43:13.638Z",1.08383,1.08389
"exness","EURUSD","2023-06-15 00:43:21.005Z",1.08384,1.0839
"exness","EURUSD","2023-06-15 00:43:25.447Z",1.08386,1.08392
"exness","EURUSD","2023-06-15 00:43:29.298Z",1.08386,1.08391
"exness","EURUSD","2023-06-15 00:43:53.774Z",1.08385,1.08391
"exness","EURUSD","2023-06-15 00:44:39.489Z",1.08385,1.0839
"exness","EURUSD","2023-06-15 00:45:05.230Z",1.08385,1.08391
"exness","EURUSD","2023-06-15 00:45:13.648Z",1.08385,1.0839
"exness","EURUSD","2023-06-15 00:45:29.699Z",1.08383,1.08389
"exness","EURUSD","2023-06-15 00:45:31.928Z",1.08383,1.08388
"exness","EURUSD","2023-06-15 00:45:32.847Z",1.08383,1.08389
"exness","EURUSD","2023-06-15 00:45:41.722Z",1.08385,1.0839
"exness","EURUSD","2023-06-15 00:45:47.105Z",1.08385,1.08392
"exness","EURUSD","2023-06-15 00:45:47.123Z",1.0838700000000001,1.08393
"exness","EURUSD","2023-06-15 00:45:48.228Z",1.0838700000000001,1.08392
"exness","EURUSD","2023-06-15 00:45:52.357Z",1.0838700000000001,1.08393
"exness","EURUSD","2023-06-15 00:46:15.254Z",1.08389,1.08394
"exness","EURUSD","2023-06-15 00:46:17.593Z",1.08389,1.08395
"exness","EURUSD","2023-06-15 00:46:25.888Z",1.08391,1.08397
"exness","EURUSD","2023-06-15 00:46:31.541Z",1.08392,1.08397
"exness","EURUSD","2023-06-15 00:46:45.934Z",1.0839,1.08397
"exness","EURUSD","2023-06-15 00:46:51.290Z",1.08389,1.08395
"exness","EURUSD","2023-06-15 00:46:59.698Z",1.0839,1.08395
"exness","EURUSD","2023-06-15 00:47:25.355Z",1.0839,1.08396
"exness","EURUSD","2023-06-15 00:47:35.114Z",1.0839,1.08395
"exness","EURUSD","2023-06-15 00:47:36.773Z",1.0839,1.08396
"exness","EURUSD","2023-06-15 00:48:22.710Z",1.08391,1.08396
"exness","EURUSD","2023-06-15 00:48:44.635Z",1.08388,1.08394
"exness","EURUSD","2023-06-15 00:48:44.649Z",1.0838700000000001,1.08393
"exness","EURUSD","2023-06-15 00:48:44.984Z",1.08386,1.08391
"exness","EURUSD","2023-06-15 00:49:06.644Z",1.08385,1.08392
"exness","EURUSD","2023-06-15 00:49:22.086Z",1.08388,1.08394
"exness","EURUSD","2023-06-15 00:49:22.786Z",1.08389,1.08394
"exness","EURUSD","2023-06-15 00:49:22.803Z",1.0839,1.08396
"exness","EURUSD","2023-06-15 00:49:22.829Z",1.08391,1.08398
"exness","EURUSD","2023-06-15 00:49:24.370Z",1.08393,1.08398
"exness","EURUSD","2023-06-15 00:49:25.513Z",1.08394,1.084
"exness","EURUSD","2023-06-15 00:49:25.638Z",1.08395,1.08402
"exness","EURUSD","2023-06-15 00:49:33.335Z",1.08395,1.084
"exness","EURUSD","2023-06-15 00:49:43.850Z",1.08395,1.08401
"exness","EURUSD","2023-06-15 00:50:05.142Z",1.08397,1.08403
"exness","EURUSD","2023-06-15 00:50:05.171Z",1.08398,1.08405
"exness","EURUSD","2023-06-15 00:50:05.201Z",1.084,1.08406
"exness","EURUSD","2023-06-15 00:50:05.227Z",1.08401,1.08408
"exness","EURUSD","2023-06-15 00:50:05.360Z",1.08403,1.08409
"exness","EURUSD","2023-06-15 00:50:05.425Z",1.08405,1.0841
"exness","EURUSD","2023-06-15 00:50:10.369Z",1.08406,1.08411
"exness","EURUSD","2023-06-15 00:50:34.087Z",1.08404,1.0841
"exness","EURUSD","2023-06-15 00:50:34.893Z",1.08402,1.08408
"exness","EURUSD","2023-06-15 00:50:37.129Z",1.08401,1.08407
"exness","EURUSD","2023-06-15 00:51:02.676Z",1.08399,1.08405
"exness","EURUSD","2023-06-15 00:51:02.886Z",1.08398,1.08403
"exness","EURUSD","2023-06-15 00:51:04.451Z",1.08397,1.08404
"exness","EURUSD","2023-06-15 00:51:04.666Z",1.08396,1.08401
"exness","EURUSD","2023-06-15 00:51:13.228Z",1.08395,1.08402
"exness","EURUSD","2023-06-15 00:51:16.754Z",1.08393,1.084
"exness","EURUSD","2023-06-15 00:51:16.823Z",1.08392,1.08398
"exness","EURUSD","2023-06-15 00:51:17.105Z",1.0839,1.08396
"exness","EURUSD","2023-06-15 00:51:17.123Z",1.08388,1.08394
"exness","EURUSD","2023-06-15 00:51:17.260Z",1.08386,1.08393
"exness","EURUSD","2023-06-15 00:51:17.442Z",1.08385,1.08391
"exness","EURUSD","2023-06-15 00:51:17.486Z",1.08383,1.08389
"exness","EURUSD","2023-06-15 00:51:17.505Z",1.08382,1.08388
"exness","EURUSD","2023-06-15 00:51:18.043Z",1.08381,1.0838700000000001
"exness","EURUSD","2023-06-15 00:51:29.423Z",1.08382,1.08389
"exness","EURUSD","2023-06-15 00:51:31.048Z",1.08384,1.0839
"exness","EURUSD","2023-06-15 00:51:37.453Z",1.08385,1.0839
"exness","EURUSD","2023-06-15 00:51:41.839Z",1.08384,1.0839
"exness","EURUSD","2023-06-15 00:51:45.762Z",1.08385,1.08391
"exness","EURUSD","2023-06-15 00:51:54.749Z",1.08385,1.0839
"exness","EURUSD","2023-06-15 00:51:57.782Z",1.08383,1.0839
"exness","EURUSD","2023-06-15 00:52:01.004Z",1.08382,1.08388
"exness","EURUSD","2023-06-15 00:52:16.996Z",1.08384,1.08391
"exness","EURUSD","2023-06-15 00:52:17.858Z",1.08386,1.08392
"exness","EURUSD","2023-06-15 00:52:29.369Z",1.08385,1.08391
"exness","EURUSD","2023-06-15 00:52:32.246Z",1.08386,1.08392
"exness","EURUSD","2023-06-15 00:52:32.319Z",1.08388,1.08394
"exness","EURUSD","2023-06-15 00:52:34.274Z",1.08386,1.08393
"exness","EURUSD","2023-06-15 00:52:34.766Z",1.08386,1.08391
"exness","EURUSD","2023-06-15 00:52:35.898Z",1.08384,1.08391
"exness","EURUSD","2023-06-15 00:52:36.348Z",1.08383,1.08389
"exness","EURUSD","2023-06-15 00:52:36.526Z",1.08382,1.0838700000000001
"exness","EURUSD","2023-06-15 00:52:37.733Z",1.08383,1.08389
"exness","EURUSD","2023-06-15 00:52:39.866Z",1.08384,1.0839
"exness","EURUSD","2023-06-15 00:52:42.319Z",1.08385,1.08391
"exness","EURUSD","2023-06-15 00:52:45.007Z",1.08384,1.0839
"exness","EURUSD","2023-06-15 00:52:48.017Z",1.08383,1.08389
"exness","EURUSD","2023-06-15 00:52:49.277Z",1.08383,1.08388
"exness","EURUSD","2023-06-15 00:53:01.600Z",1.08381,1.0838700000000001
"exness","EURUSD","2023-06-15 00:53:12.095Z",1.08379,1.08385
"exness","EURUSD","2023-06-15 00:53:12.558Z",1.08377,1.08384
"exness","EURUSD","2023-06-15 00:53:13.893Z",1.08378,1.08383
"exness","EURUSD","2023-06-15 00:53:17.902Z",1.08379,1.08385
"exness","EURUSD","2023-06-15 00:53:17.923Z",1.0838,1.0838700000000001
"exness","EURUSD","2023-06-15 00:53:17.943Z",1.08382,1.08388
"exness","EURUSD","2023-06-15 00:53:21.279Z",1.08382,1.0838700000000001
"exness","EURUSD","2023-06-15 00:53:27.699Z",1.0838,1.08386
"exness","EURUSD","2023-06-15 00:53:32.235Z",1.08382,1.08388
"exness","EURUSD","2023-06-15 00:53:39.253Z",1.08384,1.0839
"exness","EURUSD","2023-06-15 00:53:46.117Z",1.08386,1.08392
"exness","EURUSD","2023-06-15 00:53:55.180Z",1.0838700000000001,1.08393
"exness","EURUSD","2023-06-15 00:53:59.040Z",1.08389,1.08395
"exness","EURUSD","2023-06-15 00:53:59.226Z",1.08391,1.08396
"exness","EURUSD","2023-06-15 00:54:03.867Z",1.08391,1.08397
"exness","EURUSD","2023-06-15 00:54:04.856Z",1.0839,1.08395
"exness","EURUSD","2023-06-15 00:54:06.155Z",1.0839,1.08397
"exness","EURUSD","2023-06-15 00:54:07.895Z",1.08391,1.08398
"exness","EURUSD","2023-06-15 00:54:08.427Z",1.08393,1.08399
"exness","EURUSD","2023-06-15 00:54:08.527Z",1.08395,1.084
"exness","EURUSD","2023-06-15 00:54:08.725Z",1.08395,1.08402
"exness","EURUSD","2023-06-15 00:54:20.253Z",1.08397,1.08403
"exness","EURUSD","2023-06-15 00:54:20.961Z",1.08398,1.08404
"exness","EURUSD","2023-06-15 00:54:27.059Z",1.08396,1.08403
"exness","EURUSD","2023-06-15 00:54:27.726Z",1.08398,1.08404
"exness","EURUSD","2023-06-15 00:54:29.946Z",1.084,1.08405
"exness","EURUSD","2023-06-15 00:54:32.603Z",1.084,1.08407
"exness","EURUSD","2023-06-15 00:54:39.012Z",1.08402,1.08408
"exness","EURUSD","2023-06-15 00:54:41.594Z",1.084,1.08406
"exness","EURUSD","2023-06-15 00:54:43.410Z",1.08402,1.08407
"exness","EURUSD","2023-06-15 00:54:44.550Z",1.08401,1.08407
"exness","EURUSD","2023-06-15 00:54:44.586Z",1.084,1.08405
"exness","EURUSD","2023-06-15 00:54:48.567Z",1.08398,1.08404
"exness","EURUSD","2023-06-15 00:54:48.593Z",1.08396,1.08403
"exness","EURUSD","2023-06-15 00:54:48.620Z",1.08395,1.08401
"exness","EURUSD","2023-06-15 00:54:49.468Z",1.08393,1.08399
"exness","EURUSD","2023-06-15 00:54:51.723Z",1.08393,1.08398
"exness","EURUSD","2023-06-15 00:54:54.129Z",1.08394,1.084
"exness","EURUSD","2023-06-15 00:54:54.150Z",1.08395,1.08401
"exness","EURUSD","2023-06-15 00:54:58.566Z",1.08393,1.08399
"exness","EURUSD","2023-06-15 00:54:59.158Z",1.08394,1.08401
"exness","EURUSD","2023-06-15 00:54:59.284Z",1.08393,1.08399
"exness","EURUSD","2023-06-15 00:54:59.377Z",1.08393,1.08398
"exness","EURUSD","2023-06-15 00:54:59.553Z",1.08391,1.08397
"exness","EURUSD","2023-06-15 00:54:59.572Z",1.08389,1.08396
"exness","EURUSD","2023-06-15 00:54:59.699Z",1.08389,1.08394
"exness","EURUSD","2023-06-15 00:54:59.900Z",1.0838700000000001,1.08393
"exness","EURUSD","2023-06-15 00:55:00.038Z",1.08385,1.08392
"exness","EURUSD","2023-06-15 00:55:00.342Z",1.0838700000000001,1.08393
"exness","EURUSD","2023-06-15 00:55:00.374Z",1.08389,1.08395
"exness","EURUSD","2023-06-15 00:55:00.720Z",1.0838700000000001,1.08393
"exness","EURUSD","2023-06-15 00:55:01.288Z",1.08389,1.08394
"exness","EURUSD","2023-06-15 00:55:01.680Z",1.08389,1.08395
"exness","EURUSD","2023-06-15 00:55:02.061Z",1.08391,1.08396
"exness","EURUSD","2023-06-15 00:55:03.719Z",1.08391,1.08397
"exness","EURUSD","2023-06-15 00:55:04.006Z",1.08393,1.08398
"exness","EURUSD","2023-06-15 00:55:05.795Z",1.08393,1.08399
"exness","EURUSD","2023-06-15 00:55:06.545Z",1.08395,1.084
"exness","EURUSD","2023-06-15 00:55:08.589Z",1.08395,1.08402
"exness","EURUSD","2023-06-15 00:55:12.377Z",1.08396,1.08401
"exness","EURUSD","2023-06-15 00:55:14.722Z",1.08394,1.084
"exness","EURUSD","2023-06-15 00:55:15.604Z",1.08393,1.08398
"exness","EURUSD","2023-06-15 00:55:19.007Z",1.08392,1.08398
"exness","EURUSD","2023-06-15 00:55:21.282Z",1.08391,1.08396
"exness","EURUSD","2023-06-15 00:55:29.082Z",1.08389,1.08395
"exness","EURUSD","2023-06-15 00:55:29.284Z",1.08388,1.08394
"exness","EURUSD","2023-06-15 00:55:30.516Z",1.08388,1.08393
"exness","EURUSD","2023-06-15 00:55:35.387Z",1.08386,1.08392
"exness","EURUSD","2023-06-15 00:55:52.938Z",1.08384,1.08391
"exness","EURUSD","2023-06-15 00:55:59.142Z",1.08383,1.08389
"exness","EURUSD","2023-06-15 00:55:59.166Z",1.08382,1.08388
"exness","EURUSD","2023-06-15 00:56:00.170Z",1.08381,1.0838700000000001
"exness","EURUSD","2023-06-15 00:56:10.929Z",1.08378,1.08385
"exness","EURUSD","2023-06-15 00:56:19.862Z",1.08379,1.08386
"exness","EURUSD","2023-06-15 00:56:36.368Z",1.0838,1.0838700000000001
"exness","EURUSD","2023-06-15 00:56:44.104Z",1.08382,1.08388
"exness","EURUSD","2023-06-15 00:56:44.151Z",1.08383,1.08389
"exness","EURUSD","2023-06-15 00:56:44.482Z",1.08385,1.08391
"exness","EURUSD","2023-06-15 00:56:45.637Z",1.08386,1.08392
"exness","EURUSD","2023-06-15 00:56:48.250Z",1.08385,1.08391
"exness","EURUSD","2023-06-15 00:56:54.450Z",1.08383,1.08389
"exness","EURUSD","2023-06-15 00:57:02.545Z",1.08382,1.08388
"exness","EURUSD","2023-06-15 00:57:22.620Z",1.0838,1.08386
"exness","EURUSD","2023-06-15 00:57:24.720Z",1.0838,1.08385
"exness","EURUSD","2023-06-15 00:57:25.511Z",1.08378,1.08384
"exness","EURUSD","2023-06-15 00:57:25.548Z",1.08378,1.08383
"exness","EURUSD","2023-06-15 00:57:26.837Z",1.08378,1.08384
"exness","EURUSD","2023-06-15 00:57:27.851Z",1.08377,1.08382
"exness","EURUSD","2023-06-15 00:57:34.735Z",1.08375,1.08381
"exness","EURUSD","2023-06-15 00:57:47.536Z",1.08374,1.0838
"exness","EURUSD","2023-06-15 00:57:48.648Z",1.08374,1.08379
"exness","EURUSD","2023-06-15 00:57:49.835Z",1.08372,1.08378
"exness","EURUSD","2023-06-15 00:57:49.867Z",1.08371,1.08377
"exness","EURUSD","2023-06-15 00:57:50.105Z",1.08369,1.08375
"exness","EURUSD","2023-06-15 00:57:51.120Z",1.08368,1.08374
"exness","EURUSD","2023-06-15 00:57:54.067Z",1.0836999999999999,1.08376
"exness","EURUSD","2023-06-15 00:57:54.893Z",1.08371,1.08376
"exness","EURUSD","2023-06-15 00:57:58.308Z",1.08371,1.08378
"exness","EURUSD","2023-06-15 00:58:04.734Z",1.08374,1.08379
"exness","EURUSD","2023-06-15 00:58:05.636Z",1.08374,1.0838
"exness","EURUSD","2023-06-15 00:58:08.086Z",1.08375,1.0838
"exness","EURUSD","2023-06-15 00:58:13.107Z",1.08373,1.08379
"exness","EURUSD","2023-06-15 00:58:14.164Z",1.08372,1.08378
"exness","EURUSD","2023-06-15 00:58:21.042Z",1.08373,1.08379
"exness","EURUSD","2023-06-15 00:58:39.616Z",1.08374,1.0838
"exness","EURUSD","2023-06-15 00:58:46.125Z",1.08376,1.08382
"exness","EURUSD","2023-06-15 00:58:46.134Z",1.08378,1.08384
"exness","EURUSD","2023-06-15 00:58:49.267Z",1.08377,1.08382
"exness","EURUSD","2023-06-15 00:58:50.431Z",1.08376,1.08382
"exness","EURUSD","2023-06-15 00:58:56.060Z",1.08374,1.0838
"exness","EURUSD","2023-06-15 00:58:59.013Z",1.08376,1.08381
"exness","EURUSD","2023-06-15 00:59:06.613Z",1.08377,1.08383
"exness","EURUSD","2023-06-15 00:59:12.750Z",1.08376,1.08382
"exness","EURUSD","2023-06-15 00:59:19.596Z",1.08375,1.08381
"exness","EURUSD","2023-06-15 00:59:23.050Z",1.08375,1.0838
"exness","EURUSD","2023-06-15 00:59:24.934Z",1.08376,1.08382
"exness","EURUSD","2023-06-15 00:59:40.024Z",1.08376,1.08381
"exness","EURUSD","2023-06-15 00:59:51.008Z",1.08375,1.08381
"exness","EURUSD","2023-06-15 00:59:55.400Z",1.08377,1.08383
"exness","EURUSD","2023-06-15 00:59:55.431Z",1.08379,1.08385
"exness","EURUSD","2023-06-15 01:00:01.480Z",1.08376,1.08383
"exness","EURUSD","2023-06-15 01:00:01.717Z",1.08376,1.08381
"exness","EURUSD","2023-06-15 01:00:02.480Z",1.08374,1.08381
"exness","EURUSD","2023-06-15 01:00:03.296Z",1.08376,1.08381
"exness","EURUSD","2023-06-15 01:00:06.344Z",1.08376,1.08382
"exness","EURUSD","2023-06-15 01:00:32.187Z",1.08373,1.0838
"exness","EURUSD","2023-06-15 01:00:33.251Z",1.08371,1.08378
"exness","EURUSD","2023-06-15 01:00:33.272Z",1.0836999999999999,1.08376
"exness","EURUSD","2023-06-15 01:00:34.084Z",1.08368,1.08374
"exness","EURUSD","2023-06-15 01:00:36.400Z",1.0836999999999999,1.08375
"exness","EURUSD","2023-06-15 01:00:39.851Z",1.08367,1.08374
"exness","EURUSD","2023-06-15 01:00:39.867Z",1.08366,1.08372
"exness","EURUSD","2023-06-15 01:00:40.367Z",1.08366,1.08371
"exness","EURUSD","2023-06-15 01:00:51.289Z",1.08367,1.08373
"exness","EURUSD","2023-06-15 01:00:51.323Z",1.08368,1.08374
"exness","EURUSD","2023-06-15 01:00:51.363Z",1.0836999999999999,1.08375
"exness","EURUSD","2023-06-15 01:00:58.485Z",1.08368,1.08375
"exness","EURUSD","2023-06-15 01:01:00.630Z",1.08368,1.08373
"exness","EURUSD","2023-06-15 01:01:06.372Z",1.08368,1.08375
"exness","EURUSD","2023-06-15 01:01:15.674Z",1.0836999999999999,1.08376
"exness","EURUSD","2023-06-15 01:01:21.277Z",1.08371,1.08376
"exness","EURUSD","2023-06-15 01:01:22.279Z",1.0836999999999999,1.08376
"exness","EURUSD","2023-06-15 01:01:26.289Z",1.08369,1.08375
"exness","EURUSD","2023-06-15 01:01:30.698Z",1.08367,1.08374
"exness","EURUSD","2023-06-15 01:01:30.730Z",1.08366,1.08372
"exness","EURUSD","2023-06-15 01:01:30.751Z",1.08364,1.08371
"exness","EURUSD","2023-06-15 01:01:31.038Z",1.08363,1.08369
"exness","EURUSD","2023-06-15 01:01:31.063Z",1.08363,1.08368
"exness","EURUSD","2023-06-15 01:01:35.843Z",1.08363,1.08369
"exness","EURUSD","2023-06-15 01:01:40.539Z",1.08365,1.08371
"exness","EURUSD","2023-06-15 01:01:43.147Z",1.08367,1.08372
"exness","EURUSD","2023-06-15 01:01:46.312Z",1.08368,1.08374
"exness","EURUSD","2023-06-15 01:01:47.983Z",1.08368,1.08373
"exness","EURUSD","2023-06-15 01:01:50.249Z",1.08366,1.08371
"exness","EURUSD","2023-06-15 01:01:58.615Z",1.08367,1.08373
"exness","EURUSD","2023-06-15 01:02:04.100Z",1.08369,1.08374
"exness","EURUSD","2023-06-15 01:02:16.121Z",1.08369,1.08375
"exness","EURUSD","2023-06-15 01:02:23.172Z",1.08371,1.08377
"exness","EURUSD","2023-06-15 01:02:23.193Z",1.08373,1.08379
"exness","EURUSD","2023-06-15 01:02:31.629Z",1.08371,1.08377
"exness","EURUSD","2023-06-15 01:02:33.519Z",1.08372,1.08378
"exness","EURUSD","2023-06-15 01:02:34.031Z",1.08373,1.08378
"exness","EURUSD","2023-06-15 01:02:34.048Z",1.08374,1.0838
"exness","EURUSD","2023-06-15 01:02:38.260Z",1.08375,1.0838
"exness","EURUSD","2023-06-15 01:02:42.854Z",1.08373,1.08379
"exness","EURUSD","2023-06-15 01:02:43.454Z",1.08373,1.08378
"exness","EURUSD","2023-06-15 01:02:44.319Z",1.08371,1.08377
"exness","EURUSD","2023-06-15 01:02:44.344Z",1.08369,1.08376
"exness","EURUSD","2023-06-15 01:02:44.385Z",1.08368,1.08374
"exness","EURUSD","2023-06-15 01:02:44.407Z",1.08366,1.08372
"exness","EURUSD","2023-06-15 01:02:46.000Z",1.08365,1.0836999999999999
"exness","EURUSD","2023-06-15 01:02:50.223Z",1.08365,1.08371
"exness","EURUSD","2023-06-15 01:03:21.055Z",1.08365,1.0836999999999999
"exness","EURUSD","2023-06-15 01:03:33.104Z",1.08363,1.08369
"exness","EURUSD","2023-06-15 01:03:33.754Z",1.08362,1.08367
"exness","EURUSD","2023-06-15 01:03:35.847Z",1.0836,1.08367
"exness","EURUSD","2023-06-15 01:03:36.349Z",1.0836,1.08365
"exness","EURUSD","2023-06-15 01:03:40.962Z",1.0836,1.08366
"exness","EURUSD","2023-06-15 01:03:56.454Z",1.08359,1.08365
"exness","EURUSD","2023-06-15 01:04:01.240Z",1.08357,1.08364
"exness","EURUSD","2023-06-15 01:04:01.267Z",1.08356,1.08362
"exness","EURUSD","2023-06-15 01:04:01.298Z",1.08354,1.0836
"exness","EURUSD","2023-06-15 01:04:01.319Z",1.08353,1.08359
"exness","EURUSD","2023-06-15 01:04:01.388Z",1.08351,1.08357
"exness","EURUSD","2023-06-15 01:04:01.458Z",1.0835,1.08355
"exness","EURUSD","2023-06-15 01:04:01.494Z",1.08349,1.08355
"exness","EURUSD","2023-06-15 01:04:01.644Z",1.08347,1.08353
"exness","EURUSD","2023-06-15 01:04:02.592Z",1.08346,1.08352
"exness","EURUSD","2023-06-15 01:04:10.511Z",1.08347,1.08353
"exness","EURUSD","2023-06-15 01:04:14.022Z",1.08348,1.08353
"exness","EURUSD","2023-06-15 01:04:14.121Z",1.08349,1.08355
"exness","EURUSD","2023-06-15 01:04:16.203Z",1.0835,1.08357
"exness","EURUSD","2023-06-15 01:04:18.299Z",1.0835,1.08355
"exness","EURUSD","2023-06-15 01:04:18.853Z",1.08348,1.08354
"exness","EURUSD","2023-06-15 01:04:18.860Z",1.08346,1.08353
"exness","EURUSD","2023-06-15 01:04:18.881Z",1.08345,1.08351
"exness","EURUSD","2023-06-15 01:04:34.615Z",1.08346,1.08352
"exness","EURUSD","2023-06-15 01:04:41.294Z",1.08348,1.08355
"exness","EURUSD","2023-06-15 01:04:41.364Z",1.0835,1.08356
"exness","EURUSD","2023-06-15 01:04:47.793Z",1.08352,1.08358
"exness","EURUSD","2023-06-15 01:04:47.887Z",1.08354,1.08359
"exness","EURUSD","2023-06-15 01:04:48.054Z",1.08354,1.0836
"exness","EURUSD","2023-06-15 01:04:48.277Z",1.08353,1.08359
"exness","EURUSD","2023-06-15 01:04:51.397Z",1.08351,1.08358
"exness","EURUSD","2023-06-15 01:04:52.487Z",1.0835,1.08357
"exness","EURUSD","2023-06-15 01:04:53.487Z",1.08349,1.08355
"exness","EURUSD","2023-06-15 01:04:53.544Z",1.08351,1.08357
"exness","EURUSD","2023-06-15 01:04:54.269Z",1.08352,1.08358
"exness","EURUSD","2023-06-15 01:04:57.866Z",1.08353,1.08359
"exness","EURUSD","2023-06-15 01:04:57.891Z",1.08355,1.08361
"exness","EURUSD","2023-06-15 01:05:00.047Z",1.08356,1.08361
"exness","EURUSD","2023-06-15 01:05:00.067Z",1.08354,1.0836
"exness","EURUSD","2023-06-15 01:05:00.658Z",1.08353,1.08359
"exness","EURUSD","2023-06-15 01:05:02.759Z",1.0835,1.08357
"exness","EURUSD","2023-06-15 01:05:02.797Z",1.08349,1.08355
"exness","EURUSD","2023-06-15 01:05:02.842Z",1.08347,1.08354
"exness","EURUSD","2023-06-15 01:05:03.072Z",1.08346,1.08352
"exness","EURUSD","2023-06-15 01:05:07.655Z",1.08347,1.08353
"exness","EURUSD","2023-06-15 01:05:08.669Z",1.08345,1.08352
"exness","EURUSD","2023-06-15 01:05:12.588Z",1.08347,1.08353
"exness","EURUSD","2023-06-15 01:05:12.598Z",1.08349,1.08355
"exness","EURUSD","2023-06-15 01:05:12.698Z",1.0835,1.08356
"exness","EURUSD","2023-06-15 01:05:13.030Z",1.08352,1.08357
"exness","EURUSD","2023-06-15 01:05:13.500Z",1.08352,1.08359
"exness","EURUSD","2023-06-15 01:05:17.239Z",1.08353,1.0836
"exness","EURUSD","2023-06-15 01:05:19.629Z",1.08352,1.08358
"exness","EURUSD","2023-06-15 01:05:23.918Z",1.08353,1.08359
"exness","EURUSD","2023-06-15 01:05:29.335Z",1.08351,1.08358
"exness","EURUSD","2023-06-15 01:05:37.242Z",1.08353,1.08358
"exness","EURUSD","2023-06-15 01:06:02.071Z",1.08353,1.0836
"exness","EURUSD","2023-06-15 01:06:09.885Z",1.08355,1.0836
"exness","EURUSD","2023-06-15 01:06:19.490Z",1.08353,1.08359
"exness","EURUSD","2023-06-15 01:06:20.374Z",1.08353,1.08358
"exness","EURUSD","2023-06-15 01:06:31.733Z",1.0835,1.08357
"exness","EURUSD","2023-06-15 01:06:36.572Z",1.08352,1.08358
"exness","EURUSD","2023-06-15 01:06:39.448Z",1.08353,1.08359
"exness","EURUSD","2023-06-15 01:07:03.920Z",1.08352,1.08358
"exness","EURUSD","2023-06-15 01:07:05.409Z",1.0835,1.08356
"exness","EURUSD","2023-06-15 01:07:05.515Z",1.08348,1.08355
"exness","EURUSD","2023-06-15 01:07:05.580Z",1.08348,1.08353
"exness","EURUSD","2023-06-15 01:07:06.263Z",1.08347,1.08353
"exness","EURUSD","2023-06-15 01:07:08.044Z",1.08344,1.0835
"exness","EURUSD","2023-06-15 01:07:09.409Z",1.08346,1.08351
"exness","EURUSD","2023-06-15 01:07:12.833Z",1.08347,1.08353
"exness","EURUSD","2023-06-15 01:07:15.047Z",1.08348,1.08353
"exness","EURUSD","2023-06-15 01:07:43.756Z",1.08346,1.08352
"exness","EURUSD","2023-06-15 01:07:44.704Z",1.08345,1.08351
"exness","EURUSD","2023-06-15 01:07:46.413Z",1.08344,1.0835
"exness","EURUSD","2023-06-15 01:07:48.277Z",1.08345,1.08351
"exness","EURUSD","2023-06-15 01:07:50.286Z",1.08344,1.08349
"exness","EURUSD","2023-06-15 01:07:56.719Z",1.08343,1.08349
"exness","EURUSD","2023-06-15 01:08:02.383Z",1.0834,1.08347
"exness","EURUSD","2023-06-15 01:08:02.604Z",1.08339,1.08345
"exness","EURUSD","2023-06-15 01:08:02.995Z",1.08337,1.08343
"exness","EURUSD","2023-06-15 01:08:07.150Z",1.08335,1.08341
"exness","EURUSD","2023-06-15 01:08:08.121Z",1.08334,1.0834
"exness","EURUSD","2023-06-15 01:08:08.749Z",1.08333,1.08338
"exness","EURUSD","2023-06-15 01:08:10.112Z",1.08334,1.0834
"exness","EURUSD","2023-06-15 01:08:10.136Z",1.08336,1.08342
"exness","EURUSD","2023-06-15 01:08:11.164Z",1.08337,1.08343
"exness","EURUSD","2023-06-15 01:08:12.159Z",1.08338,1.08343
"exness","EURUSD","2023-06-15 01:08:20.489Z",1.08336,1.08343
"exness","EURUSD","2023-06-15 01:08:23.437Z",1.08338,1.08344
"exness","EURUSD","2023-06-15 01:08:37.237Z",1.08339,1.08345
"exness","EURUSD","2023-06-15 01:08:51.959Z",1.0834,1.08346
"exness","EURUSD","2023-06-15 01:08:52.383Z",1.08338,1.08344
"exness","EURUSD","2023-06-15 01:08:52.399Z",1.08337,1.08343
"exness","EURUSD","2023-06-15 01:08:53.733Z",1.08338,1.08344
"exness","EURUSD","2023-06-15 01:08:58.309Z",1.08339,1.08344
"exness","EURUSD","2023-06-15 01:08:59.378Z",1.08338,1.08344
"exness","EURUSD","2023-06-15 01:09:00.925Z",1.08337,1.08343
"exness","EURUSD","2023-06-15 01:09:01.326Z",1.08339,1.08344
"exness","EURUSD","2023-06-15 01:09:04.590Z",1.08337,1.08344
"exness","EURUSD","2023-06-15 01:09:13.870Z",1.08339,1.08346
"exness","EURUSD","2023-06-15 01:09:22.855Z",1.08342,1.08348
"exness","EURUSD","2023-06-15 01:09:22.886Z",1.08343,1.0835
"exness","EURUSD","2023-06-15 01:09:23.596Z",1.08343,1.08348
"exness","EURUSD","2023-06-15 01:09:28.210Z",1.08344,1.0835
"exness","EURUSD","2023-06-15 01:09:31.401Z",1.08345,1.08351
"exness","EURUSD","2023-06-15 01:09:32.104Z",1.08346,1.08353
"exness","EURUSD","2023-06-15 01:09:32.118Z",1.08348,1.08354
"exness","EURUSD","2023-06-15 01:09:32.170Z",1.0835,1.08355
"exness","EURUSD","2023-06-15 01:09:32.304Z",1.08348,1.08354
"exness","EURUSD","2023-06-15 01:09:52.179Z",1.08349,1.08354
"exness","EURUSD","2023-06-15 01:09:52.229Z",1.08348,1.08354
"exness","EURUSD","2023-06-15 01:09:53.292Z",1.08346,1.08353
"exness","EURUSD","2023-06-15 01:09:57.555Z",1.08345,1.08352
"exness","EURUSD","2023-06-15 01:09:58.425Z",1.08344,1.0835
"exness","EURUSD","2023-06-15 01:09:59.518Z",1.08343,1.08349
"exness","EURUSD","2023-06-15 01:10:08.561Z",1.08342,1.08348
"exness","EURUSD","2023-06-15 01:10:09.533Z",1.0834,1.08346
"exness","EURUSD","2023-06-15 01:10:11.991Z",1.08338,1.08345
"exness","EURUSD","2023-06-15 01:10:13.256Z",1.08337,1.08343
"exness","EURUSD","2023-06-15 01:10:13.322Z",1.08335,1.08341
"exness","EURUSD","2023-06-15 01:10:13.350Z",1.08334,1.0834
"exness","EURUSD","2023-06-15 01:10:16.011Z",1.08333,1.08338
"exness","EURUSD","2023-06-15 01:10:16.591Z",1.08332,1.08338
"exness","EURUSD","2023-06-15 01:10:22.305Z",1.0833,1.08336
"exness","EURUSD","2023-06-15 01:10:27.777Z",1.08332,1.08337
"exness","EURUSD","2023-06-15 01:10:42.572Z",1.08331,1.08337
"exness","EURUSD","2023-06-15 01:10:45.072Z",1.0833,1.08335
"exness","EURUSD","2023-06-15 01:10:52.974Z",1.08329,1.08335
"exness","EURUSD","2023-06-15 01:10:53.155Z",1.08327,1.08334
"exness","EURUSD","2023-06-15 01:10:53.899Z",1.08329,1.08334
"exness","EURUSD","2023-06-15 01:10:54.357Z",1.08327,1.08333
"exness","EURUSD","2023-06-15 01:10:59.508Z",1.08327,1.08332
"exness","EURUSD","2023-06-15 01:10:59.526Z",1.08325,1.08331
"exness","EURUSD","2023-06-15 01:10:59.704Z",1.08324,1.0833
"exness","EURUSD","2023-06-15 01:11:01.347Z",1.08321,1.08328
"exness","EURUSD","2023-06-15 01:11:04.162Z",1.0832,1.0832600000000001
"exness","EURUSD","2023-06-15 01:11:04.233Z",1.08318,1.08324
"exness","EURUSD","2023-06-15 01:11:04.506Z",1.08317,1.08322
"exness","EURUSD","2023-06-15 01:11:04.990Z",1.08318,1.08324
"exness","EURUSD","2023-06-15 01:11:08.727Z",1.08319,1.08325
"exness","EURUSD","2023-06-15 01:11:08.958Z",1.0832,1.08327
"exness","EURUSD","2023-06-15 01:11:10.510Z",1.08322,1.08327
"exness","EURUSD","2023-06-15 01:11:10.991Z",1.08322,1.08328
"exness","EURUSD","2023-06-15 01:11:15.647Z",1.0832,1.08327
"exness","EURUSD","2023-06-15 01:11:22.126Z",1.08323,1.08329
"exness","EURUSD","2023-06-15 01:11:22.493Z",1.08322,1.08327
"exness","EURUSD","2023-06-15 01:11:24.570Z",1.08322,1.08328
"exness","EURUSD","2023-06-15 01:11:27.333Z",1.0832,1.0832600000000001
"exness","EURUSD","2023-06-15 01:11:29.600Z",1.08319,1.08325
"exness","EURUSD","2023-06-15 01:11:31.455Z",1.08318,1.08323
"exness","EURUSD","2023-06-15 01:11:31.588Z",1.08316,1.08322
"exness","EURUSD","2023-06-15 01:11:32.072Z",1.08315,1.08321
"exness","EURUSD","2023-06-15 01:11:32.759Z",1.08314,1.08319
"exness","EURUSD","2023-06-15 01:11:32.819Z",1.08313,1.08319
"exness","EURUSD","2023-06-15 01:11:32.894Z",1.08311,1.08317
"exness","EURUSD","2023-06-15 01:11:34.009Z",1.08313,1.08319
"exness","EURUSD","2023-06-15 01:11:35.224Z",1.08314,1.08321
"exness","EURUSD","2023-06-15 01:11:36.321Z",1.08316,1.08322
"exness","EURUSD","2023-06-15 01:11:36.457Z",1.08317,1.08323
"exness","EURUSD","2023-06-15 01:11:36.560Z",1.08319,1.08324
"exness","EURUSD","2023-06-15 01:11:37.112Z",1.08317,1.08324
"exness","EURUSD","2023-06-15 01:11:50.325Z",1.08315,1.08321
"exness","EURUSD","2023-06-15 01:11:50.343Z",1.08313,1.0832
"exness","EURUSD","2023-06-15 01:11:51.344Z",1.08314,1.08321
"exness","EURUSD","2023-06-15 01:11:53.519Z",1.08314,1.08319
"exness","EURUSD","2023-06-15 01:11:53.931Z",1.08313,1.08319
"exness","EURUSD","2023-06-15 01:11:58.767Z",1.08314,1.0832
"exness","EURUSD","2023-06-15 01:11:59.067Z",1.08314,1.08319
"exness","EURUSD","2023-06-15 01:12:00.129Z",1.08312,1.08319
"exness","EURUSD","2023-06-15 01:12:00.203Z",1.08311,1.08317
"exness","EURUSD","2023-06-15 01:12:01.527Z",1.08308,1.08315
"exness","EURUSD","2023-06-15 01:12:02.260Z",1.08308,1.08313
"exness","EURUSD","2023-06-15 01:12:02.324Z",1.08307,1.08313
"exness","EURUSD","2023-06-15 01:12:07.993Z",1.0830899999999999,1.08315
"exness","EURUSD","2023-06-15 01:12:11.293Z",1.08308,1.08314
"exness","EURUSD","2023-06-15 01:12:11.939Z",1.08307,1.08312
"exness","EURUSD","2023-06-15 01:12:19.778Z",1.08305,1.08311
"exness","EURUSD","2023-06-15 01:12:19.831Z",1.08303,1.0830899999999999
"exness","EURUSD","2023-06-15 01:12:20.114Z",1.08302,1.08308
"exness","EURUSD","2023-06-15 01:12:25.966Z",1.08303,1.0831
"exness","EURUSD","2023-06-15 01:12:26.596Z",1.08305,1.0831
"exness","EURUSD","2023-06-15 01:12:26.603Z",1.08304,1.0831
"exness","EURUSD","2023-06-15 01:12:27.717Z",1.08302,1.08308
"exness","EURUSD","2023-06-15 01:12:27.744Z",1.083,1.08306
"exness","EURUSD","2023-06-15 01:12:27.816Z",1.08299,1.08305
"exness","EURUSD","2023-06-15 01:12:28.539Z",1.08299,1.08304
"exness","EURUSD","2023-06-15 01:12:28.739Z",1.08297,1.08303
"exness","EURUSD","2023-06-15 01:12:41.280Z",1.08299,1.08304
"exness","EURUSD","2023-06-15 01:12:42.319Z",1.08299,1.08306
"exness","EURUSD","2023-06-15 01:12:45.559Z",1.08301,1.08307
"exness","EURUSD","2023-06-15 01:12:45.588Z",1.08302,1.0830899999999999
"exness","EURUSD","2023-06-15 01:12:48.100Z",1.08301,1.08307
"exness","EURUSD","2023-06-15 01:12:48.487Z",1.08299,1.08306
"exness","EURUSD","2023-06-15 01:12:53.768Z",1.08297,1.08304
"exness","EURUSD","2023-06-15 01:12:53.804Z",1.08296,1.08302
"exness","EURUSD","2023-06-15 01:12:55.809Z",1.08294,1.08301
"exness","EURUSD","2023-06-15 01:13:00.844Z",1.08293,1.08299
"exness","EURUSD","2023-06-15 01:13:00.920Z",1.08291,1.08298
"exness","EURUSD","2023-06-15 01:13:02.818Z",1.08293,1.08298
"exness","EURUSD","2023-06-15 01:13:03.008Z",1.08291,1.08298
"exness","EURUSD","2023-06-15 01:13:03.135Z",1.0829,1.08296
"exness","EURUSD","2023-06-15 01:13:03.152Z",1.08288,1.08295
"exness","EURUSD","2023-06-15 01:13:03.163Z",1.08288,1.08293
"exness","EURUSD","2023-06-15 01:13:04.887Z",1.08286,1.08292
"exness","EURUSD","2023-06-15 01:13:04.948Z",1.08285,1.08291
"exness","EURUSD","2023-06-15 01:13:05.133Z",1.08286,1.08292
"exness","EURUSD","2023-06-15 01:13:05.546Z",1.08288,1.08293
"exness","EURUSD","2023-06-15 01:13:07.949Z",1.08288,1.08294
"exness","EURUSD","2023-06-15 01:13:11.268Z",1.0829,1.08296
"exness","EURUSD","2023-06-15 01:13:21.323Z",1.08288,1.08294
"exness","EURUSD","2023-06-15 01:13:21.341Z",1.08286,1.08293
"exness","EURUSD","2023-06-15 01:13:22.367Z",1.08285,1.08291
"exness","EURUSD","2023-06-15 01:13:22.955Z",1.08284,1.0829
"exness","EURUSD","2023-06-15 01:13:23.136Z",1.08283,1.08288
"exness","EURUSD","2023-06-15 01:13:25.589Z",1.08281,1.08288
"exness","EURUSD","2023-06-15 01:13:25.745Z",1.0828,1.08286
"exness","EURUSD","2023-06-15 01:13:27.430Z",1.08282,1.08288
"exness","EURUSD","2023-06-15 01:13:27.586Z",1.08283,1.0829
"exness","EURUSD","2023-06-15 01:13:27.921Z",1.08282,1.08288
"exness","EURUSD","2023-06-15 01:13:35.523Z",1.08283,1.08288
"exness","EURUSD","2023-06-15 01:13:35.607Z",1.08284,1.0829
"exness","EURUSD","2023-06-15 01:13:35.612Z",1.08285,1.08291
"exness","EURUSD","2023-06-15 01:13:35.640Z",1.08287,1.08293
"exness","EURUSD","2023-06-15 01:13:36.005Z",1.08288,1.08293
"exness","EURUSD","2023-06-15 01:13:36.469Z",1.08289,1.08295
"exness","EURUSD","2023-06-15 01:13:37.431Z",1.0829,1.08295
"exness","EURUSD","2023-06-15 01:13:37.587Z",1.08291,1.08297
"exness","EURUSD","2023-06-15 01:13:38.100Z",1.08289,1.08295
"exness","EURUSD","2023-06-15 01:13:39.512Z",1.08288,1.08294
"exness","EURUSD","2023-06-15 01:13:40.132Z",1.0829,1.08295
"exness","EURUSD","2023-06-15 01:13:40.693Z",1.0829,1.08296
"exness","EURUSD","2023-06-15 01:13:40.740Z",1.08288,1.08295
"exness","EURUSD","2023-06-15 01:13:40.910Z",1.08287,1.08293
"exness","EURUSD","2023-06-15 01:13:44.703Z",1.08285,1.08291
"exness","EURUSD","2023-06-15 01:13:44.804Z",1.08283,1.08289
"exness","EURUSD","2023-06-15 01:13:45.327Z",1.08283,1.08288
"exness","EURUSD","2023-06-15 01:13:45.882Z",1.08281,1.08288
"exness","EURUSD","2023-06-15 01:13:46.901Z",1.08283,1.08288
"exness","EURUSD","2023-06-15 01:13:46.951Z",1.08282,1.08288
"exness","EURUSD","2023-06-15 01:13:47.585Z",1.08284,1.08289
"exness","EURUSD","2023-06-15 01:13:48.259Z",1.08282,1.08288
"exness","EURUSD","2023-06-15 01:13:48.376Z",1.08284,1.08289
"exness","EURUSD","2023-06-15 01:13:49.433Z",1.08282,1.08289
"exness","EURUSD","2023-06-15 01:13:51.345Z",1.08284,1.0829
"exness","EURUSD","2023-06-15 01:13:53.626Z",1.08283,1.08289
"exness","EURUSD","2023-06-15 01:14:00.126Z",1.08283,1.08288
"exness","EURUSD","2023-06-15 01:14:02.778Z",1.08281,1.08288
"exness","EURUSD","2023-06-15 01:14:03.792Z",1.0828,1.08286
"exness","EURUSD","2023-06-15 01:14:07.050Z",1.08279,1.08284
"exness","EURUSD","2023-06-15 01:14:18.912Z",1.08278,1.08283
"exness","EURUSD","2023-06-15 01:14:19.511Z",1.08278,1.08284
"exness","EURUSD","2023-06-15 01:14:20.123Z",1.08277,1.08283
"exness","EURUSD","2023-06-15 01:14:20.280Z",1.08276,1.08281
"exness","EURUSD","2023-06-15 01:14:20.453Z",1.08277,1.08283
"exness","EURUSD","2023-06-15 01:14:20.815Z",1.08275,1.08281
"exness","EURUSD","2023-06-15 01:14:23.450Z",1.08274,1.0828
"exness","EURUSD","2023-06-15 01:14:23.549Z",1.08272,1.08279
"exness","EURUSD","2023-06-15 01:14:23.590Z",1.08271,1.08277
"exness","EURUSD","2023-06-15 01:14:23.775Z",1.0827,1.08275
"exness","EURUSD","2023-06-15 01:14:23.850Z",1.08268,1.08275
"exness","EURUSD","2023-06-15 01:14:23.891Z",1.08267,1.08273
"exness","EURUSD","2023-06-15 01:14:23.903Z",1.0826500000000001,1.08272
"exness","EURUSD","2023-06-15 01:14:24.015Z",1.08264,1.0827
"exness","EURUSD","2023-06-15 01:14:25.028Z",1.08264,1.08269
"exness","EURUSD","2023-06-15 01:14:25.337Z",1.08262,1.08268
"exness","EURUSD","2023-06-15 01:14:25.368Z",1.08261,1.08267
"exness","EURUSD","2023-06-15 01:14:26.307Z",1.0826,1.0826500000000001
"exness","EURUSD","2023-06-15 01:14:28.106Z",1.08258,1.08264
"exness","EURUSD","2023-06-15 01:14:28.149Z",1.08258,1.08263
"exness","EURUSD","2023-06-15 01:14:29.154Z",1.08258,1.08264
"exness","EURUSD","2023-06-15 01:14:30.192Z",1.08259,1.0826500000000001
"exness","EURUSD","2023-06-15 01:14:30.279Z",1.08259,1.08264
"exness","EURUSD","2023-06-15 01:14:31.818Z",1.08258,1.08264
"exness","EURUSD","2023-06-15 01:14:33.999Z",1.0826,1.08266
"exness","EURUSD","2023-06-15 01:14:35.851Z",1.08258,1.08264
"exness","EURUSD","2023-06-15 01:14:35.935Z",1.08257,1.08263
"exness","EURUSD","2023-06-15 01:14:36.465Z",1.08255,1.08261
"exness","EURUSD","2023-06-15 01:14:38.570Z",1.08256,1.08263
"exness","EURUSD","2023-06-15 01:14:40.499Z",1.08258,1.08264
"exness","EURUSD","2023-06-15 01:14:41.149Z",1.08256,1.08263
"exness","EURUSD","2023-06-15 01:14:43.494Z",1.08255,1.08262
"exness","EURUSD","2023-06-15 01:14:47.418Z",1.08257,1.08263
"exness","EURUSD","2023-06-15 01:14:50.399Z",1.08258,1.08263
"exness","EURUSD","2023-06-15 01:14:51.449Z",1.08256,1.08263
"exness","EURUSD","2023-06-15 01:14:51.637Z",1.08255,1.08261
"exness","EURUSD","2023-06-15 01:14:53.159Z",1.08256,1.08261
"exness","EURUSD","2023-06-15 01:14:53.187Z",1.08257,1.08263
"exness","EURUSD","2023-06-15 01:14:53.207Z",1.08258,1.08263
"exness","EURUSD","2023-06-15 01:14:53.302Z",1.08259,1.0826500000000001
"exness","EURUSD","2023-06-15 01:14:54.589Z",1.08256,1.08263
"exness","EURUSD","2023-06-15 01:14:55.893Z",1.08255,1.08261
"exness","EURUSD","2023-06-15 01:14:55.912Z",1.08257,1.08263
"exness","EURUSD","2023-06-15 01:14:59.081Z",1.08258,1.08264
"exness","EURUSD","2023-06-15 01:14:59.192Z",1.08259,1.0826500000000001
"exness","EURUSD","2023-06-15 01:14:59.258Z",1.08261,1.08266
"exness","EURUSD","2023-06-15 01:15:00.609Z",1.08259,1.0826500000000001
"exness","EURUSD","2023-06-15 01:15:00.630Z",1.08258,1.08264
"exness","EURUSD","2023-06-15 01:15:00.765Z",1.08257,1.08262
"exness","EURUSD","2023-06-15 01:15:01.058Z",1.08258,1.08264
"exness","EURUSD","2023-06-15 01:15:03.513Z",1.08259,1.0826500000000001
"exness","EURUSD","2023-06-15 01:15:04.692Z",1.0826,1.08267
"exness","EURUSD","2023-06-15 01:15:05.702Z",1.08262,1.08267
"exness","EURUSD","2023-06-15 01:15:07.578Z",1.08263,1.08269
"exness","EURUSD","2023-06-15 01:15:12.830Z",1.08262,1.08268
"exness","EURUSD","2023-06-15 01:15:13.854Z",1.08263,1.08268
"exness","EURUSD","2023-06-15 01:15:17.927Z",1.08262,1.08268
"exness","EURUSD","2023-06-15 01:15:18.634Z",1.08263,1.08268
"exness","EURUSD","2023-06-15 01:15:23.349Z",1.08262,1.08268
"exness","EURUSD","2023-06-15 01:15:24.082Z",1.0826,1.08266
"exness","EURUSD","2023-06-15 01:15:24.102Z",1.08259,1.0826500000000001
"exness","EURUSD","2023-06-15 01:15:24.688Z",1.08258,1.08263
"exness","EURUSD","2023-06-15 01:15:28.392Z",1.08259,1.0826500000000001
"exness","EURUSD","2023-06-15 01:15:34.267Z",1.0826,1.08266
"exness","EURUSD","2023-06-15 01:15:35.548Z",1.08261,1.08268
"exness","EURUSD","2023-06-15 01:15:39.448Z",1.08263,1.08268
"exness","EURUSD","2023-06-15 01:15:44.733Z",1.08262,1.08268
"exness","EURUSD","2023-06-15 01:15:51.165Z",1.0826,1.08266
"exness","EURUSD","2023-06-15 01:15:56.605Z",1.08262,1.08268
"exness","EURUSD","2023-06-15 01:15:56.748Z",1.08263,1.0827
"exness","EURUSD","2023-06-15 01:15:56.830Z",1.0826500000000001,1.08271
"exness","EURUSD","2023-06-15 01:15:56.869Z",1.08267,1.08273
"exness","EURUSD","2023-06-15 01:15:56.939Z",1.08268,1.08274
"exness","EURUSD","2023-06-15 01:15:57.148Z",1.0827,1.08276
"exness","EURUSD","2023-06-15 01:15:57.577Z",1.08272,1.08277
"exness","EURUSD","2023-06-15 01:16:00.821Z",1.0827,1.08276
"exness","EURUSD","2023-06-15 01:16:12.548Z",1.08269,1.08275
"exness","EURUSD","2023-06-15 01:16:12.574Z",1.08267,1.08274
"exness","EURUSD","2023-06-15 01:16:12.652Z",1.08266,1.08272
"exness","EURUSD","2023-06-15 01:16:12.694Z",1.08264,1.08271
"exness","EURUSD","2023-06-15 01:16:12.945Z",1.08263,1.08269
"exness","EURUSD","2023-06-15 01:16:20.929Z",1.08264,1.0827
"exness","EURUSD","2023-06-15 01:16:22.637Z",1.08262,1.08268
"exness","EURUSD","2023-06-15 01:16:22.692Z",1.0826,1.08266
"exness","EURUSD","2023-06-15 01:16:22.758Z",1.08262,1.08267
"exness","EURUSD","2023-06-15 01:16:24.515Z",1.0826,1.08266
"exness","EURUSD","2023-06-15 01:16:25.143Z",1.08259,1.08264
"exness","EURUSD","2023-06-15 01:16:25.946Z",1.08257,1.08263
"exness","EURUSD","2023-06-15 01:16:27.047Z",1.08256,1.08262
"exness","EURUSD","2023-06-15 01:16:31.103Z",1.08254,1.0826
"exness","EURUSD","2023-06-15 01:16:32.668Z",1.08252,1.08258
"exness","EURUSD","2023-06-15 01:16:33.856Z",1.0825,1.08257
"exness","EURUSD","2023-06-15 01:16:34.437Z",1.0825,1.08255
"exness","EURUSD","2023-06-15 01:16:42.247Z",1.0824799999999999,1.08255
"exness","EURUSD","2023-06-15 01:16:52.122Z",1.08251,1.08257
"exness","EURUSD","2023-06-15 01:16:55.913Z",1.08249,1.08256
"exness","EURUSD","2023-06-15 01:17:20.944Z",1.08251,1.08257
"exness","EURUSD","2023-06-15 01:17:21.025Z",1.08252,1.08259
"exness","EURUSD","2023-06-15 01:17:21.056Z",1.08254,1.0826
"exness","EURUSD","2023-06-15 01:17:21.433Z",1.08255,1.08262
"exness","EURUSD","2023-06-15 01:17:21.531Z",1.08254,1.0826
"exness","EURUSD","2023-06-15 01:17:21.567Z",1.08253,1.08258
"exness","EURUSD","2023-06-15 01:17:21.605Z",1.08252,1.08258
"exness","EURUSD","2023-06-15 01:17:26.387Z",1.0825,1.08256
"exness","EURUSD","2023-06-15 01:17:31.322Z",1.08251,1.08257
"exness","EURUSD","2023-06-15 01:17:31.555Z",1.08252,1.08259
"exness","EURUSD","2023-06-15 01:17:33.218Z",1.08252,1.08257
"exness","EURUSD","2023-06-15 01:17:34.207Z",1.0825,1.08257
"exness","EURUSD","2023-06-15 01:17:39.074Z",1.0824799999999999,1.08254
"exness","EURUSD","2023-06-15 01:17:39.593Z",1.08246,1.08253
"exness","EURUSD","2023-06-15 01:17:39.597Z",1.08245,1.08251
"exness","EURUSD","2023-06-15 01:17:39.651Z",1.08243,1.0825
"exness","EURUSD","2023-06-15 01:17:40.189Z",1.08242,1.0824799999999999
"exness","EURUSD","2023-06-15 01:17:41.141Z",1.0824,1.08246
"exness","EURUSD","2023-06-15 01:17:41.615Z",1.08238,1.08245
"exness","EURUSD","2023-06-15 01:17:42.655Z",1.08238,1.08243
"exness","EURUSD","2023-06-15 01:17:43.350Z",1.08237,1.08243
"exness","EURUSD","2023-06-15 01:17:43.773Z",1.08236,1.08241
"exness","EURUSD","2023-06-15 01:17:47.736Z",1.08235,1.08241
"exness","EURUSD","2023-06-15 01:17:47.800Z",1.08233,1.08239
"exness","EURUSD","2023-06-15 01:17:47.945Z",1.08232,1.08237
"exness","EURUSD","2023-06-15 01:17:50.530Z",1.08231,1.08237
"exness","EURUSD","2023-06-15 01:17:52.277Z",1.08231,1.08236
"exness","EURUSD","2023-06-15 01:17:55.715Z",1.08231,1.08237
"exness","EURUSD","2023-06-15 01:17:59.159Z",1.08233,1.08239
"exness","EURUSD","2023-06-15 01:17:59.214Z",1.08235,1.08241
"exness","EURUSD","2023-06-15 01:18:00.154Z",1.08236,1.08242
"exness","EURUSD","2023-06-15 01:18:00.549Z",1.08237,1.08242
"exness","EURUSD","2023-06-15 01:18:03.096Z",1.08238,1.08244
"exness","EURUSD","2023-06-15 01:18:03.121Z",1.08239,1.08245
"exness","EURUSD","2023-06-15 01:18:03.161Z",1.08241,1.08247
"exness","EURUSD","2023-06-15 01:18:03.197Z",1.08243,1.08249
"exness","EURUSD","2023-06-15 01:18:04.611Z",1.0824,1.08246
"exness","EURUSD","2023-06-15 01:18:04.824Z",1.08242,1.0824799999999999
"exness","EURUSD","2023-06-15 01:18:10.128Z",1.0824,1.08246
"exness","EURUSD","2023-06-15 01:18:10.465Z",1.08242,1.0824799999999999
"exness","EURUSD","2023-06-15 01:18:12.606Z",1.08244,1.0825
"exness","EURUSD","2023-06-15 01:18:14.228Z",1.08243,1.0824799999999999
"exness","EURUSD","2023-06-15 01:18:15.264Z",1.08242,1.0824799999999999
"exness","EURUSD","2023-06-15 01:18:17.178Z",1.08243,1.08249
"exness","EURUSD","2023-06-15 01:18:20.388Z",1.08245,1.0825
"exness","EURUSD","2023-06-15 01:18:24.047Z",1.08246,1.08252
"exness","EURUSD","2023-06-15 01:18:24.132Z",1.08247,1.08252
"exness","EURUSD","2023-06-15 01:18:26.428Z",1.0824799999999999,1.08254
"exness","EURUSD","2023-06-15 01:18:39.577Z",1.08247,1.08253
"exness","EURUSD","2023-06-15 01:18:39.659Z",1.08245,1.08251
"exness","EURUSD","2023-06-15 01:18:39.683Z",1.08243,1.0825
"exness","EURUSD","2023-06-15 01:18:39.722Z",1.08242,1.0824799999999999
"exness","EURUSD","2023-06-15 01:18:49.018Z",1.08243,1.08249
"exness","EURUSD","2023-06-15 01:18:50.684Z",1.08244,1.08251
"exness","EURUSD","2023-06-15 01:18:51.396Z",1.08246,1.08251
"exness","EURUSD","2023-06-15 01:18:55.299Z",1.08245,1.08251
"exness","EURUSD","2023-06-15 01:18:58.164Z",1.08246,1.08253
"exness","EURUSD","2023-06-15 01:19:00.403Z",1.0824799999999999,1.08253
"exness","EURUSD","2023-06-15 01:19:00.836Z",1.0824799999999999,1.08254
"exness","EURUSD","2023-06-15 01:19:00.869Z",1.0825,1.08256
"exness","EURUSD","2023-06-15 01:19:00.905Z",1.08252,1.08258
"exness","EURUSD","2023-06-15 01:19:00.925Z",1.08253,1.08259
"exness","EURUSD","2023-06-15 01:19:01.048Z",1.08253,1.08258
"exness","EURUSD","2023-06-15 01:19:03.186Z",1.08251,1.08258
"exness","EURUSD","2023-06-15 01:19:11.747Z",1.0825,1.08257
"exness","EURUSD","2023-06-15 01:19:18.017Z",1.08253,1.08258
"exness","EURUSD","2023-06-15 01:19:19.772Z",1.0825,1.08256
"exness","EURUSD","2023-06-15 01:19:20.107Z",1.0824799999999999,1.08255
"exness","EURUSD","2023-06-15 01:19:21.190Z",1.08247,1.08253
"exness","EURUSD","2023-06-15 01:19:21.211Z",1.08247,1.08252
"exness","EURUSD","2023-06-15 01:19:22.391Z",1.08245,1.08251
"exness","EURUSD","2023-06-15 01:19:29.431Z",1.08243,1.08249
"exness","EURUSD","2023-06-15 01:19:30.302Z",1.08241,1.08247
"exness","EURUSD","2023-06-15 01:19:31.473Z",1.08243,1.08249
"exness","EURUSD","2023-06-15 01:19:40.218Z",1.08242,1.0824799999999999
"exness","EURUSD","2023-06-15 01:19:52.282Z",1.08244,1.0825
"exness","EURUSD","2023-06-15 01:19:53.068Z",1.08243,1.0824799999999999
"exness","EURUSD","2023-06-15 01:19:56.711Z",1.08244,1.08251
"exness","EURUSD","2023-06-15 01:19:56.921Z",1.08246,1.08252
"exness","EURUSD","2023-06-15 01:19:56.945Z",1.08247,1.08254
"exness","EURUSD","2023-06-15 01:19:56.962Z",1.08249,1.08255
"exness","EURUSD","2023-06-15 01:19:56.989Z",1.08251,1.08257
"exness","EURUSD","2023-06-15 01:19:57.056Z",1.08253,1.08258
"exness","EURUSD","2023-06-15 01:19:57.236Z",1.08253,1.08259
"exness","EURUSD","2023-06-15 01:19:57.701Z",1.08255,1.08261
"exness","EURUSD","2023-06-15 01:19:57.721Z",1.08256,1.08262
"exness","EURUSD","2023-06-15 01:19:58.154Z",1.08258,1.08264
"exness","EURUSD","2023-06-15 01:19:59.168Z",1.08259,1.0826500000000001
"exness","EURUSD","2023-06-15 01:20:02.256Z",1.08258,1.08264
"exness","EURUSD","2023-06-15 01:20:02.894Z",1.08256,1.08263
"exness","EURUSD","2023-06-15 01:20:04.948Z",1.08258,1.08264
"exness","EURUSD","2023-06-15 01:20:06.727Z",1.08259,1.0826500000000001
"exness","EURUSD","2023-06-15 01:20:07.208Z",1.08261,1.08266
"exness","EURUSD","2023-06-15 01:20:11.144Z",1.08261,1.08268
"exness","EURUSD","2023-06-15 01:20:19.730Z",1.08264,1.0827
"exness","EURUSD","2023-06-15 01:20:20.034Z",1.0826500000000001,1.0827
"exness","EURUSD","2023-06-15 01:20:20.059Z",1.0826500000000001,1.08272
"exness","EURUSD","2023-06-15 01:20:20.232Z",1.08267,1.08273
"exness","EURUSD","2023-06-15 01:20:23.679Z",1.08268,1.08275
"exness","EURUSD","2023-06-15 01:20:27.850Z",1.08271,1.08277
"exness","EURUSD","2023-06-15 01:20:27.909Z",1.08272,1.08278
"exness","EURUSD","2023-06-15 01:20:27.919Z",1.08274,1.0828
"exness","EURUSD","2023-06-15 01:20:28.207Z",1.08275,1.0828
"exness","EURUSD","2023-06-15 01:20:29.073Z",1.08274,1.0828
"exness","EURUSD","2023-06-15 01:20:31.113Z",1.08273,1.08279
"exness","EURUSD","2023-06-15 01:20:32.255Z",1.08274,1.0828
"exness","EURUSD","2023-06-15 01:20:35.180Z",1.08274,1.08279
"exness","EURUSD","2023-06-15 01:20:36.473Z",1.08273,1.08279
"exness","EURUSD","2023-06-15 01:20:42.196Z",1.08274,1.0828
"exness","EURUSD","2023-06-15 01:20:51.090Z",1.08276,1.08281
"exness","EURUSD","2023-06-15 01:20:51.826Z",1.08274,1.0828
"exness","EURUSD","2023-06-15 01:20:53.512Z",1.08273,1.08278
"exness","EURUSD","2023-06-15 01:21:01.116Z",1.08271,1.08277
"exness","EURUSD","2023-06-15 01:21:01.152Z",1.08269,1.08275
"exness","EURUSD","2023-06-15 01:21:01.175Z",1.08267,1.08274
"exness","EURUSD","2023-06-15 01:21:01.243Z",1.08266,1.08272
"exness","EURUSD","2023-06-15 01:21:01.266Z",1.08264,1.08271
"exness","EURUSD","2023-06-15 01:21:01.365Z",1.08264,1.08269
"exness","EURUSD","2023-06-15 01:21:01.770Z",1.08262,1.08269
"exness","EURUSD","2023-06-15 01:21:02.852Z",1.08261,1.08268
"exness","EURUSD","2023-06-15 01:21:03.891Z",1.08262,1.08269
"exness","EURUSD","2023-06-15 01:21:04.483Z",1.08261,1.08267
"exness","EURUSD","2023-06-15 01:21:05.077Z",1.0826,1.0826500000000001
"exness","EURUSD","2023-06-15 01:21:05.457Z",1.08261,1.08267
"exness","EURUSD","2023-06-15 01:21:07.456Z",1.08263,1.08269
"exness","EURUSD","2023-06-15 01:21:07.508Z",1.08264,1.08271
"exness","EURUSD","2023-06-15 01:21:07.704Z",1.08266,1.08272
"exness","EURUSD","2023-06-15 01:21:10.061Z",1.08267,1.08273
"exness","EURUSD","2023-06-15 01:21:10.631Z",1.0826500000000001,1.08272
"exness","EURUSD","2023-06-15 01:21:10.739Z",1.08264,1.0827
"exness","EURUSD","2023-06-15 01:21:12.401Z",1.08262,1.08269
"exness","EURUSD","2023-06-15 01:21:23.442Z",1.0826500000000001,1.08271
"exness","EURUSD","2023-06-15 01:21:30.738Z",1.08263,1.0827
"exness","EURUSD","2023-06-15 01:21:33.289Z",1.08262,1.08268
"exness","EURUSD","2023-06-15 01:21:38.188Z",1.08263,1.08268
"exness","EURUSD","2023-06-15 01:21:43.922Z",1.08263,1.08269
"exness","EURUSD","2023-06-15 01:21:47.984Z",1.08264,1.0827
"exness","EURUSD","2023-06-15 01:21:49.109Z",1.0826500000000001,1.0827
"exness","EURUSD","2023-06-15 01:21:49.373Z",1.08266,1.08272
"exness","EURUSD","2023-06-15 01:21:49.390Z",1.08267,1.08274
"exness","EURUSD","2023-06-15 01:21:49.418Z",1.08269,1.08275
"exness","EURUSD","2023-06-15 01:21:50.372Z",1.08271,1.08277
"exness","EURUSD","2023-06-15 01:21:50.435Z",1.08272,1.08279
"exness","EURUSD","2023-06-15 01:21:52.351Z",1.08275,1.0828
"exness","EURUSD","2023-06-15 01:21:52.398Z",1.08275,1.08282
"exness","EURUSD","2023-06-15 01:21:52.413Z",1.08277,1.08283
"exness","EURUSD","2023-06-15 01:21:52.674Z",1.08276,1.08281
"exness","EURUSD","2023-06-15 01:21:54.931Z",1.08274,1.0828
"exness","EURUSD","2023-06-15 01:21:56.126Z",1.08276,1.08281
"exness","EURUSD","2023-06-15 01:21:56.880Z",1.08276,1.08283
"exness","EURUSD","2023-06-15 01:21:56.905Z",1.08278,1.08284
"exness","EURUSD","2023-06-15 01:22:01.023Z",1.0828,1.08286
"exness","EURUSD","2023-06-15 01:22:04.557Z",1.08278,1.08283
"exness","EURUSD","2023-06-15 01:22:07.457Z",1.08277,1.08283
"exness","EURUSD","2023-06-15 01:22:07.474Z",1.08275,1.08281
"exness","EURUSD","2023-06-15 01:22:09.914Z",1.08274,1.08279
"exness","EURUSD","2023-06-15 01:22:13.608Z",1.08273,1.08279
"exness","EURUSD","2023-06-15 01:22:14.182Z",1.08272,1.08278
"exness","EURUSD","2023-06-15 01:22:14.300Z",1.0827,1.08276
"exness","EURUSD","2023-06-15 01:22:15.715Z",1.0827,1.08275
"exness","EURUSD","2023-06-15 01:22:18.018Z",1.08269,1.08275
"exness","EURUSD","2023-06-15 01:22:18.405Z",1.08267,1.08273
"exness","EURUSD","2023-06-15 01:22:18.410Z",1.08266,1.08272
"exness","EURUSD","2023-06-15 01:22:18.531Z",1.08264,1.0827
"exness","EURUSD","2023-06-15 01:22:20.512Z",1.08264,1.08269
"exness","EURUSD","2023-06-15 01:22:35.630Z",1.08264,1.0827
"exness","EURUSD","2023-06-15 01:22:37.468Z",1.08266,1.08272
"exness","EURUSD","2023-06-15 01:22:37.504Z",1.08268,1.08274
"exness","EURUSD","2023-06-15 01:22:38.011Z",1.08266,1.08273
"exness","EURUSD","2023-06-15 01:22:38.039Z",1.0826500000000001,1.08271
"exness","EURUSD","2023-06-15 01:22:38.218Z",1.08264,1.08269
"exness","EURUSD","2023-06-15 01:22:38.332Z",1.08263,1.08269
"exness","EURUSD","2023-06-15 01:22:38.620Z",1.08262,1.08267
"exness","EURUSD","2023-06-15 01:22:39.442Z",1.0826,1.08267
"exness","EURUSD","2023-06-15 01:22:39.493Z",1.08259,1.0826500000000001
"exness","EURUSD","2023-06-15 01:22:40.602Z",1.08258,1.08264
"exness","EURUSD","2023-06-15 01:22:42.460Z",1.08257,1.08262
"exness","EURUSD","2023-06-15 01:22:43.004Z",1.08255,1.08261
"exness","EURUSD","2023-06-15 01:22:43.007Z",1.08253,1.0826
"exness","EURUSD","2023-06-15 01:22:43.029Z",1.08252,1.08258
"exness","EURUSD","2023-06-15 01:22:43.059Z",1.0825,1.08256
"exness","EURUSD","2023-06-15 01:22:43.078Z",1.08249,1.08255
"exness","EURUSD","2023-06-15 01:22:43.179Z",1.08247,1.08253
"exness","EURUSD","2023-06-15 01:22:43.983Z",1.08247,1.08252
"exness","EURUSD","2023-06-15 01:22:44.014Z",1.08245,1.08252
"exness","EURUSD","2023-06-15 01:22:45.014Z",1.08244,1.0825
"exness","EURUSD","2023-06-15 01:22:49.571Z",1.08246,1.08252
"exness","EURUSD","2023-06-15 01:22:49.617Z",1.08247,1.08254
"exness","EURUSD","2023-06-15 01:22:53.026Z",1.08246,1.08252
"exness","EURUSD","2023-06-15 01:22:53.061Z",1.08244,1.08251
"exness","EURUSD","2023-06-15 01:22:53.098Z",1.08243,1.08249
"exness","EURUSD","2023-06-15 01:22:53.300Z",1.08242,1.08247
"exness","EURUSD","2023-06-15 01:22:55.093Z",1.08243,1.08249
"exness","EURUSD","2023-06-15 01:22:55.181Z",1.08244,1.08251
"exness","EURUSD","2023-06-15 01:22:55.349Z",1.08246,1.08252
"exness","EURUSD","2023-06-15 01:22:55.380Z",1.0824799999999999,1.08254
"exness","EURUSD","2023-06-15 01:22:57.386Z",1.08249,1.08255
"exness","EURUSD","2023-06-15 01:22:57.816Z",1.08249,1.08254
"exness","EURUSD","2023-06-15 01:22:58.783Z",1.08247,1.08253
"exness","EURUSD","2023-06-15 01:22:58.859Z",1.08245,1.08252
"exness","EURUSD","2023-06-15 01:22:58.920Z",1.08245,1.0825
"exness","EURUSD","2023-06-15 01:22:58.938Z",1.08244,1.0825
"exness","EURUSD","2023-06-15 01:23:03.851Z",1.08245,1.0825
"exness","EURUSD","2023-06-15 01:23:04.114Z",1.08244,1.0825
"exness","EURUSD","2023-06-15 01:23:05.192Z",1.08245,1.08251
"exness","EURUSD","2023-06-15 01:23:14.677Z",1.08243,1.0825
"exness","EURUSD","2023-06-15 01:23:14.710Z",1.08242,1.0824799999999999
"exness","EURUSD","2023-06-15 01:23:15.754Z",1.08241,1.08246
"exness","EURUSD","2023-06-15 01:23:17.613Z",1.0824,1.08246
"exness","EURUSD","2023-06-15 01:23:18.891Z",1.08238,1.08245
"exness","EURUSD","2023-06-15 01:23:18.901Z",1.08237,1.08243
"exness","EURUSD","2023-06-15 01:23:19.178Z",1.08236,1.08241
"exness","EURUSD","2023-06-15 01:23:22.327Z",1.08234,1.0824
"exness","EURUSD","2023-06-15 01:23:24.071Z",1.08236,1.08242
"exness","EURUSD","2023-06-15 01:23:24.707Z",1.08237,1.08244
"exness","EURUSD","2023-06-15 01:23:25.761Z",1.08239,1.08244
"exness","EURUSD","2023-06-15 01:23:28.447Z",1.08239,1.08245
"exness","EURUSD","2023-06-15 01:23:31.197Z",1.08237,1.08243
"exness","EURUSD","2023-06-15 01:23:32.383Z",1.08239,1.08244
"exness","EURUSD","2023-06-15 01:23:32.561Z",1.0824,1.08246
"exness","EURUSD","2023-06-15 01:23:38.626Z",1.08239,1.08245
"exness","EURUSD","2023-06-15 01:23:41.052Z",1.08237,1.08243
"exness","EURUSD","2023-06-15 01:23:41.662Z",1.08238,1.08243
"exness","EURUSD","2023-06-15 01:23:44.989Z",1.08236,1.08243
"exness","EURUSD","2023-06-15 01:23:46.048Z",1.08235,1.08241
"exness","EURUSD","2023-06-15 01:23:54.058Z",1.08233,1.08239
"exness","EURUSD","2023-06-15 01:23:55.510Z",1.0823,1.08236
"exness","EURUSD","2023-06-15 01:23:55.539Z",1.08229,1.08234
"exness","EURUSD","2023-06-15 01:24:10.655Z",1.08228,1.08234
"exness","EURUSD","2023-06-15 01:24:17.711Z",1.08226,1.08232
"exness","EURUSD","2023-06-15 01:24:20.049Z",1.08226,1.08231
"exness","EURUSD","2023-06-15 01:24:22.366Z",1.08227,1.08233
"exness","EURUSD","2023-06-15 01:24:22.842Z",1.08229,1.08234
"exness","EURUSD","2023-06-15 01:24:23.903Z",1.08227,1.08233
"exness","EURUSD","2023-06-15 01:24:24.078Z",1.08227,1.08232
"exness","EURUSD","2023-06-15 01:24:27.487Z",1.08228,1.08234
"exness","EURUSD","2023-06-15 01:24:29.937Z",1.08226,1.08232
"exness","EURUSD","2023-06-15 01:24:30.028Z",1.08225,1.08231
"exness","EURUSD","2023-06-15 01:24:30.453Z",1.08224,1.08229
"exness","EURUSD","2023-06-15 01:24:31.551Z",1.08222,1.08228
"exness","EURUSD","2023-06-15 01:24:32.680Z",1.08221,1.08227
"exness","EURUSD","2023-06-15 01:24:35.083Z",1.08219,1.08226
"exness","EURUSD","2023-06-15 01:24:35.108Z",1.08218,1.08224
"exness","EURUSD","2023-06-15 01:24:35.133Z",1.08216,1.08223
"exness","EURUSD","2023-06-15 01:24:35.196Z",1.08216,1.08221
"exness","EURUSD","2023-06-15 01:24:35.437Z",1.08214,1.08221
"exness","EURUSD","2023-06-15 01:24:35.547Z",1.08213,1.08219
"exness","EURUSD","2023-06-15 01:24:35.586Z",1.08211,1.08218
"exness","EURUSD","2023-06-15 01:24:37.529Z",1.0821,1.08215
"exness","EURUSD","2023-06-15 01:24:40.084Z",1.0821,1.08216
"exness","EURUSD","2023-06-15 01:24:40.764Z",1.08212,1.08218
"exness","EURUSD","2023-06-15 01:24:40.882Z",1.08213,1.0822
"exness","EURUSD","2023-06-15 01:24:40.915Z",1.08215,1.08221
"exness","EURUSD","2023-06-15 01:24:40.963Z",1.08217,1.08223
"exness","EURUSD","2023-06-15 01:24:41.933Z",1.08219,1.08225
"exness","EURUSD","2023-06-15 01:24:42.989Z",1.0822,1.08226
"exness","EURUSD","2023-06-15 01:24:43.222Z",1.08221,1.08228
"exness","EURUSD","2023-06-15 01:24:43.258Z",1.08223,1.08229
"exness","EURUSD","2023-06-15 01:24:45.707Z",1.08222,1.08228
"exness","EURUSD","2023-06-15 01:24:45.918Z",1.0822,1.08226
"exness","EURUSD","2023-06-15 01:24:51.441Z",1.08222,1.08229
"exness","EURUSD","2023-06-15 01:24:51.463Z",1.08224,1.0823
"exness","EURUSD","2023-06-15 01:24:54.722Z",1.08225,1.0823
"exness","EURUSD","2023-06-15 01:24:54.754Z",1.08224,1.0823
"exness","EURUSD","2023-06-15 01:24:55.785Z",1.08223,1.08229
"exness","EURUSD","2023-06-15 01:25:00.237Z",1.08221,1.08227
"exness","EURUSD","2023-06-15 01:25:06.050Z",1.08222,1.08228
"exness","EURUSD","2023-06-15 01:25:08.830Z",1.08223,1.08228
"exness","EURUSD","2023-06-15 01:25:10.561Z",1.08222,1.08227
"exness","EURUSD","2023-06-15 01:25:12.590Z",1.08222,1.08228
"exness","EURUSD","2023-06-15 01:25:33.110Z",1.08221,1.08227
"exness","EURUSD","2023-06-15 01:25:33.579Z",1.0822,1.08225
"exness","EURUSD","2023-06-15 01:25:42.109Z",1.08221,1.08227
"exness","EURUSD","2023-06-15 01:25:42.288Z",1.08222,1.08228
"exness","EURUSD","2023-06-15 01:25:47.528Z",1.0822,1.08227
"exness","EURUSD","2023-06-15 01:25:47.547Z",1.08219,1.08225
"exness","EURUSD","2023-06-15 01:26:03.487Z",1.08221,1.08227
"exness","EURUSD","2023-06-15 01:26:08.583Z",1.08222,1.08227
"exness","EURUSD","2023-06-15 01:26:13.873Z",1.08223,1.08229
"exness","EURUSD","2023-06-15 01:26:17.030Z",1.08221,1.08227
"exness","EURUSD","2023-06-15 01:26:23.460Z",1.08223,1.08229
"exness","EURUSD","2023-06-15 01:26:28.778Z",1.08224,1.0823
"exness","EURUSD","2023-06-15 01:26:28.825Z",1.08225,1.08232
"exness","EURUSD","2023-06-15 01:26:38.136Z",1.08224,1.0823
"exness","EURUSD","2023-06-15 01:26:38.528Z",1.08222,1.08229
"exness","EURUSD","2023-06-15 01:26:38.547Z",1.08221,1.08227
"exness","EURUSD","2023-06-15 01:26:39.012Z",1.08221,1.08226
"exness","EURUSD","2023-06-15 01:26:43.046Z",1.08219,1.08225
"exness","EURUSD","2023-06-15 01:26:43.121Z",1.08217,1.08223
"exness","EURUSD","2023-06-15 01:26:43.177Z",1.08215,1.08222
"exness","EURUSD","2023-06-15 01:26:44.424Z",1.08214,1.08219
"exness","EURUSD","2023-06-15 01:26:44.434Z",1.08213,1.08219
"exness","EURUSD","2023-06-15 01:26:44.463Z",1.08211,1.08217
"exness","EURUSD","2023-06-15 01:26:44.509Z",1.08211,1.08216
"exness","EURUSD","2023-06-15 01:26:44.651Z",1.08209,1.08215
"exness","EURUSD","2023-06-15 01:26:44.691Z",1.08208,1.08213
"exness","EURUSD","2023-06-15 01:26:45.880Z",1.08207,1.08213
"exness","EURUSD","2023-06-15 01:26:49.616Z",1.08205,1.08211
"exness","EURUSD","2023-06-15 01:26:49.673Z",1.08203,1.0821
"exness","EURUSD","2023-06-15 01:26:49.719Z",1.08202,1.08208
"exness","EURUSD","2023-06-15 01:26:49.739Z",1.082,1.08207
"exness","EURUSD","2023-06-15 01:26:50.195Z",1.082,1.08205
"exness","EURUSD","2023-06-15 01:26:51.632Z",1.08198,1.08205
"exness","EURUSD","2023-06-15 01:26:59.545Z",1.082,1.08206
"exness","EURUSD","2023-06-15 01:27:00.632Z",1.08198,1.08205
"exness","EURUSD","2023-06-15 01:27:02.306Z",1.082,1.08206
"exness","EURUSD","2023-06-15 01:27:02.383Z",1.08201,1.08208
"exness","EURUSD","2023-06-15 01:27:02.808Z",1.08203,1.08209
"exness","EURUSD","2023-06-15 01:27:04.417Z",1.0820400000000001,1.0821
"exness","EURUSD","2023-06-15 01:27:09.598Z",1.08206,1.08211
"exness","EURUSD","2023-06-15 01:27:09.628Z",1.08206,1.08212
"exness","EURUSD","2023-06-15 01:27:09.731Z",1.08208,1.08213
"exness","EURUSD","2023-06-15 01:27:15.870Z",1.08209,1.08215
"exness","EURUSD","2023-06-15 01:27:38.847Z",1.08207,1.08213
"exness","EURUSD","2023-06-15 01:27:38.973Z",1.08205,1.08211
"exness","EURUSD","2023-06-15 01:27:40.680Z",1.0820400000000001,1.08209
"exness","EURUSD","2023-06-15 01:27:44.106Z",1.08205,1.08211
"exness","EURUSD","2023-06-15 01:27:44.111Z",1.08206,1.08213
"exness","EURUSD","2023-06-15 01:27:44.143Z",1.08208,1.08214
"exness","EURUSD","2023-06-15 01:27:45.639Z",1.0821,1.08215
"exness","EURUSD","2023-06-15 01:27:46.618Z",1.0821,1.08216
"exness","EURUSD","2023-06-15 01:27:46.646Z",1.08212,1.08218
"exness","EURUSD","2023-06-15 01:27:46.679Z",1.08213,1.08219
"exness","EURUSD","2023-06-15 01:27:49.404Z",1.08212,1.08218
"exness","EURUSD","2023-06-15 01:27:56.068Z",1.08214,1.0822
"exness","EURUSD","2023-06-15 01:27:56.100Z",1.08215,1.08221
"exness","EURUSD","2023-06-15 01:27:56.974Z",1.08213,1.0822
"exness","EURUSD","2023-06-15 01:27:59.820Z",1.08215,1.08221
"exness","EURUSD","2023-06-15 01:28:08.223Z",1.08218,1.08224
"exness","EURUSD","2023-06-15 01:28:08.266Z",1.08217,1.08222
"exness","EURUSD","2023-06-15 01:28:08.666Z",1.08218,1.08224
"exness","EURUSD","2023-06-15 01:28:10.606Z",1.08216,1.08223
"exness","EURUSD","2023-06-15 01:28:37.806Z",1.08215,1.08221
"exness","EURUSD","2023-06-15 01:28:39.255Z",1.08213,1.08219
"exness","EURUSD","2023-06-15 01:28:43.215Z",1.08211,1.08217
"exness","EURUSD","2023-06-15 01:28:45.572Z",1.08211,1.08216
"exness","EURUSD","2023-06-15 01:28:46.057Z",1.08209,1.08215
"exness","EURUSD","2023-06-15 01:28:46.283Z",1.08207,1.08214
"exness","EURUSD","2023-06-15 01:29:02.005Z",1.08205,1.08211
"exness","EURUSD","2023-06-15 01:29:02.102Z",1.08205,1.0821
"exness","EURUSD","2023-06-15 01:29:02.175Z",1.08203,1.08209
"exness","EURUSD","2023-06-15 01:29:02.479Z",1.08201,1.08208
"exness","EURUSD","2023-06-15 01:29:03.090Z",1.08201,1.08206
"exness","EURUSD","2023-06-15 01:29:03.355Z",1.082,1.08206
"exness","EURUSD","2023-06-15 01:29:04.508Z",1.08199,1.08205
"exness","EURUSD","2023-06-15 01:29:06.429Z",1.082,1.08206
"exness","EURUSD","2023-06-15 01:29:06.466Z",1.08201,1.08207
"exness","EURUSD","2023-06-15 01:29:06.538Z",1.08201,1.08206
"exness","EURUSD","2023-06-15 01:29:06.789Z",1.08201,1.08208
"exness","EURUSD","2023-06-15 01:29:07.380Z",1.08203,1.08208
"exness","EURUSD","2023-06-15 01:29:07.413Z",1.0820400000000001,1.0821
"exness","EURUSD","2023-06-15 01:29:08.305Z",1.08205,1.08211
"exness","EURUSD","2023-06-15 01:29:08.326Z",1.08207,1.08213
"exness","EURUSD","2023-06-15 01:29:10.090Z",1.08208,1.08214
"exness","EURUSD","2023-06-15 01:29:10.816Z",1.0821,1.08216
"exness","EURUSD","2023-06-15 01:29:13.334Z",1.08208,1.08215
"exness","EURUSD","2023-06-15 01:29:13.554Z",1.0821,1.08216
"exness","EURUSD","2023-06-15 01:29:18.162Z",1.08208,1.08214
"exness","EURUSD","2023-06-15 01:29:26.929Z",1.08208,1.08213
"exness","EURUSD","2023-06-15 01:29:27.749Z",1.08206,1.08213
"exness","EURUSD","2023-06-15 01:29:27.855Z",1.08206,1.08211
"exness","EURUSD","2023-06-15 01:29:30.385Z",1.08205,1.08211
"exness","EURUSD","2023-06-15 01:29:30.814Z",1.08206,1.08212
"exness","EURUSD","2023-06-15 01:29:32.182Z",1.08208,1.08214
"exness","EURUSD","2023-06-15 01:29:32.228Z",1.0821,1.08215
"exness","EURUSD","2023-06-15 01:29:32.763Z",1.0821,1.08217
"exness","EURUSD","2023-06-15 01:29:39.103Z",1.08211,1.08218
"exness","EURUSD","2023-06-15 01:29:43.736Z",1.08213,1.0822
"exness","EURUSD","2023-06-15 01:29:43.982Z",1.08215,1.08221
"exness","EURUSD","2023-06-15 01:29:44.525Z",1.08216,1.08223
"exness","EURUSD","2023-06-15 01:29:44.553Z",1.08218,1.08224
"exness","EURUSD","2023-06-15 01:29:57.587Z",1.0822,1.08225
"exness","EURUSD","2023-06-15 01:30:00.396Z",1.08217,1.08224
"exness","EURUSD","2023-06-15 01:30:00.470Z",1.08217,1.08222
"exness","EURUSD","2023-06-15 01:30:00.498Z",1.08215,1.08221
"exness","EURUSD","2023-06-15 01:30:00.545Z",1.08213,1.0822
"exness","EURUSD","2023-06-15 01:30:00.619Z",1.08212,1.08218
"exness","EURUSD","2023-06-15 01:30:00.641Z",1.0821,1.08217
"exness","EURUSD","2023-06-15 01:30:00.686Z",1.08209,1.08215
"exness","EURUSD","2023-06-15 01:30:00.698Z",1.08207,1.08213
"exness","EURUSD","2023-06-15 01:30:00.725Z",1.08206,1.08212
"exness","EURUSD","2023-06-15 01:30:01.233Z",1.08207,1.08213
"exness","EURUSD","2023-06-15 01:30:01.752Z",1.08209,1.08215
"exness","EURUSD","2023-06-15 01:30:01.777Z",1.0821,1.08217
"exness","EURUSD","2023-06-15 01:30:01.849Z",1.08212,1.08218
"exness","EURUSD","2023-06-15 01:30:02.058Z",1.08213,1.0822
"exness","EURUSD","2023-06-15 01:30:02.081Z",1.08215,1.08221
"exness","EURUSD","2023-06-15 01:30:02.104Z",1.08217,1.08223
"exness","EURUSD","2023-06-15 01:30:02.133Z",1.08218,1.08225
"exness","EURUSD","2023-06-15 01:30:02.802Z",1.0822,1.08226
"exness","EURUSD","2023-06-15 01:30:02.823Z",1.08222,1.08228
"exness","EURUSD","2023-06-15 01:30:02.829Z",1.08224,1.0823
"exness","EURUSD","2023-06-15 01:30:02.864Z",1.08226,1.08232
"exness","EURUSD","2023-06-15 01:30:02.926Z",1.08227,1.08233
"exness","EURUSD","2023-06-15 01:30:02.929Z",1.08229,1.08234
"exness","EURUSD","2023-06-15 01:30:02.957Z",1.0823,1.08235
"exness","EURUSD","2023-06-15 01:30:02.997Z",1.0823,1.08237
"exness","EURUSD","2023-06-15 01:30:04.039Z",1.08233,1.08239
"exness","EURUSD","2023-06-15 01:30:04.105Z",1.08234,1.08241
"exness","EURUSD","2023-06-15 01:30:04.126Z",1.08236,1.08242
"exness","EURUSD","2023-06-15 01:30:04.601Z",1.08238,1.08244
"exness","EURUSD","2023-06-15 01:30:04.613Z",1.08239,1.08244
"exness","EURUSD","2023-06-15 01:30:05.165Z",1.08237,1.08244
"exness","EURUSD","2023-06-15 01:30:05.847Z",1.08236,1.08242
"exness","EURUSD","2023-06-15 01:30:06.765Z",1.08237,1.08244
"exness","EURUSD","2023-06-15 01:30:06.902Z",1.08239,1.08245
"exness","EURUSD","2023-06-15 01:30:07.416Z",1.08241,1.08247
"exness","EURUSD","2023-06-15 01:30:07.571Z",1.08239,1.08245
"exness","EURUSD","2023-06-15 01:30:07.636Z",1.08238,1.08244
"exness","EURUSD","2023-06-15 01:30:08.168Z",1.08237,1.08242
"exness","EURUSD","2023-06-15 01:30:08.181Z",1.08236,1.08242
"exness","EURUSD","2023-06-15 01:30:08.209Z",1.08234,1.0824
"exness","EURUSD","2023-06-15 01:30:08.230Z",1.08232,1.08239
"exness","EURUSD","2023-06-15 01:30:08.255Z",1.0823,1.08237
"exness","EURUSD","2023-06-15 01:30:08.262Z",1.08229,1.08235
"exness","EURUSD","2023-06-15 01:30:10.433Z",1.08227,1.08233
"exness","EURUSD","2023-06-15 01:30:10.759Z",1.08228,1.08235
"exness","EURUSD","2023-06-15 01:30:11.104Z",1.0823,1.08235
"exness","EURUSD","2023-06-15 01:30:12.038Z",1.08231,1.08237
"exness","EURUSD","2023-06-15 01:30:12.053Z",1.08232,1.08238
"exness","EURUSD","2023-06-15 01:30:12.479Z",1.08234,1.0824
"exness","EURUSD","2023-06-15 01:30:12.499Z",1.08235,1.0824
"exness","EURUSD","2023-06-15 01:30:13.103Z",1.08234,1.0824
"exness","EURUSD","2023-06-15 01:30:13.123Z",1.08232,1.08238
"exness","EURUSD","2023-06-15 01:30:13.154Z",1.08231,1.08237
"exness","EURUSD","2023-06-15 01:30:14.569Z",1.08232,1.08238
"exness","EURUSD","2023-06-15 01:30:14.680Z",1.08233,1.0824
"exness","EURUSD","2023-06-15 01:30:17.036Z",1.08232,1.08238
"exness","EURUSD","2023-06-15 01:30:17.202Z",1.08232,1.08237
"exness","EURUSD","2023-06-15 01:30:19.336Z",1.08232,1.08238
"exness","EURUSD","2023-06-15 01:30:20.047Z",1.08231,1.08236
"exness","EURUSD","2023-06-15 01:30:21.220Z",1.08228,1.08235
"exness","EURUSD","2023-06-15 01:30:21.235Z",1.08227,1.08233
"exness","EURUSD","2023-06-15 01:30:21.264Z",1.08225,1.08232
"exness","EURUSD","2023-06-15 01:30:21.317Z",1.08224,1.0823
"exness","EURUSD","2023-06-15 01:30:21.538Z",1.08222,1.08229
"exness","EURUSD","2023-06-15 01:30:21.721Z",1.08224,1.08229
"exness","EURUSD","2023-06-15 01:30:22.713Z",1.08224,1.0823
"exness","EURUSD","2023-06-15 01:30:22.930Z",1.08226,1.08232
"exness","EURUSD","2023-06-15 01:30:23.332Z",1.08224,1.0823
"exness","EURUSD","2023-06-15 01:30:23.462Z",1.08223,1.08229
"exness","EURUSD","2023-06-15 01:30:23.535Z",1.08221,1.08227
"exness","EURUSD","2023-06-15 01:30:24.076Z",1.08222,1.08229
"exness","EURUSD","2023-06-15 01:30:24.564Z",1.08221,1.08227
"exness","EURUSD","2023-06-15 01:30:25.610Z",1.08222,1.08228
"exness","EURUSD","2023-06-15 01:30:28.401Z",1.08223,1.08229
"exness","EURUSD","2023-06-15 01:30:28.414Z",1.08225,1.08231
"exness","EURUSD","2023-06-15 01:30:28.418Z",1.08226,1.08232
"exness","EURUSD","2023-06-15 01:30:28.466Z",1.08228,1.08233
"exness","EURUSD","2023-06-15 01:30:28.629Z",1.08229,1.08235
"exness","EURUSD","2023-06-15 01:30:30.203Z",1.08227,1.08234
"exness","EURUSD","2023-06-15 01:30:30.246Z",1.08226,1.08232
"exness","EURUSD","2023-06-15 01:30:32.719Z",1.08228,1.08234
"exness","EURUSD","2023-06-15 01:30:37.587Z",1.08229,1.08234
"exness","EURUSD","2023-06-15 01:30:41.477Z",1.08228,1.08234
"exness","EURUSD","2023-06-15 01:30:46.549Z",1.08229,1.08235
"exness","EURUSD","2023-06-15 01:30:47.577Z",1.08228,1.08234
"exness","EURUSD","2023-06-15 01:30:53.759Z",1.08229,1.08235
"exness","EURUSD","2023-06-15 01:30:56.672Z",1.08231,1.08237
"exness","EURUSD","2023-06-15 01:30:56.731Z",1.08232,1.08237
"exness","EURUSD","2023-06-15 01:30:57.832Z",1.08231,1.08238
"exness","EURUSD","2023-06-15 01:31:06.462Z",1.08229,1.08236
"exness","EURUSD","2023-06-15 01:31:06.516Z",1.08231,1.08236
"exness","EURUSD","2023-06-15 01:31:07.745Z",1.0823,1.08236
"exness","EURUSD","2023-06-15 01:31:11.567Z",1.08227,1.08234
"exness","EURUSD","2023-06-15 01:31:11.574Z",1.08226,1.08232
"exness","EURUSD","2023-06-15 01:31:11.618Z",1.08224,1.0823
"exness","EURUSD","2023-06-15 01:31:11.707Z",1.08222,1.08229
"exness","EURUSD","2023-06-15 01:31:11.759Z",1.08221,1.08227
"exness","EURUSD","2023-06-15 01:31:12.584Z",1.08219,1.08225
"exness","EURUSD","2023-06-15 01:31:12.677Z",1.08218,1.08224
"exness","EURUSD","2023-06-15 01:31:12.710Z",1.08216,1.08222
"exness","EURUSD","2023-06-15 01:31:14.627Z",1.08214,1.0822
"exness","EURUSD","2023-06-15 01:31:16.249Z",1.08212,1.08218
"exness","EURUSD","2023-06-15 01:31:19.795Z",1.0821,1.08216
"exness","EURUSD","2023-06-15 01:31:21.608Z",1.08211,1.08216
"exness","EURUSD","2023-06-15 01:31:24.782Z",1.08208,1.08215
"exness","EURUSD","2023-06-15 01:31:24.856Z",1.08207,1.08213
"exness","EURUSD","2023-06-15 01:31:31.662Z",1.08209,1.08215
"exness","EURUSD","2023-06-15 01:31:31.950Z",1.08211,1.08217
"exness","EURUSD","2023-06-15 01:31:33.468Z",1.08208,1.08215
"exness","EURUSD","2023-06-15 01:31:33.519Z",1.08207,1.08213
"exness","EURUSD","2023-06-15 01:31:36.538Z",1.08207,1.08212
"exness","EURUSD","2023-06-15 01:31:40.802Z",1.08205,1.08211
"exness","EURUSD","2023-06-15 01:31:41.314Z",1.08203,1.0821
"exness","EURUSD","2023-06-15 01:31:41.349Z",1.08202,1.08208
"exness","EURUSD","2023-06-15 01:31:41.698Z",1.08202,1.08207
"exness","EURUSD","2023-06-15 01:31:41.714Z",1.08202,1.08208
"exness","EURUSD","2023-06-15 01:31:44.285Z",1.0820400000000001,1.0821
"exness","EURUSD","2023-06-15 01:31:45.152Z",1.08206,1.08212
"exness","EURUSD","2023-06-15 01:31:45.251Z",1.08207,1.08214
"exness","EURUSD","2023-06-15 01:31:45.292Z",1.08209,1.08215
"exness","EURUSD","2023-06-15 01:31:45.369Z",1.08211,1.08217
"exness","EURUSD","2023-06-15 01:31:45.746Z",1.0821,1.08215
"exness","EURUSD","2023-06-15 01:31:47.718Z",1.08211,1.08217
"exness","EURUSD","2023-06-15 01:31:48.772Z",1.08212,1.08218
"exness","EURUSD","2023-06-15 01:31:51.933Z",1.08212,1.08217
"exness","EURUSD","2023-06-15 01:31:53.365Z",1.0821,1.08216
"exness","EURUSD","2023-06-15 01:31:54.175Z",1.08209,1.08215
"exness","EURUSD","2023-06-15 01:31:57.232Z",1.08207,1.08213
"exness","EURUSD","2023-06-15 01:31:57.253Z",1.08206,1.08212
"exness","EURUSD","2023-06-15 01:31:57.560Z",1.08205,1.0821
"exness","EURUSD","2023-06-15 01:31:59.088Z",1.08202,1.08209
"exness","EURUSD","2023-06-15 01:32:00.387Z",1.082,1.08206
"exness","EURUSD","2023-06-15 01:32:01.015Z",1.08198,1.08205
"exness","EURUSD","2023-06-15 01:32:01.830Z",1.082,1.08205
"exness","EURUSD","2023-06-15 01:32:01.858Z",1.082,1.08207
"exness","EURUSD","2023-06-15 01:32:02.225Z",1.08202,1.08208
"exness","EURUSD","2023-06-15 01:32:06.759Z",1.08201,1.08207
"exness","EURUSD","2023-06-15 01:32:13.065Z",1.08202,1.08208
"exness","EURUSD","2023-06-15 01:32:13.390Z",1.0820400000000001,1.0821
"exness","EURUSD","2023-06-15 01:32:13.500Z",1.08205,1.0821
"exness","EURUSD","2023-06-15 01:32:16.416Z",1.08203,1.08209
"exness","EURUSD","2023-06-15 01:32:17.652Z",1.08201,1.08208
"exness","EURUSD","2023-06-15 01:32:21.627Z",1.0820400000000001,1.0821
"exness","EURUSD","2023-06-15 01:32:22.077Z",1.08206,1.08211
"exness","EURUSD","2023-06-15 01:32:23.878Z",1.08206,1.08212
"exness","EURUSD","2023-06-15 01:32:25.643Z",1.0820400000000001,1.08211
"exness","EURUSD","2023-06-15 01:32:27.001Z",1.08203,1.08209
"exness","EURUSD","2023-06-15 01:32:29.033Z",1.0820400000000001,1.08211
"exness","EURUSD","2023-06-15 01:32:29.144Z",1.08206,1.08212
"exness","EURUSD","2023-06-15 01:32:29.152Z",1.08207,1.08214
"exness","EURUSD","2023-06-15 01:32:40.328Z",1.08209,1.08215
"exness","EURUSD","2023-06-15 01:32:42.071Z",1.08207,1.08213
"exness","EURUSD","2023-06-15 01:32:44.544Z",1.08208,1.08213
"exness","EURUSD","2023-06-15 01:32:46.034Z",1.08207,1.08213
"exness","EURUSD","2023-06-15 01:32:46.951Z",1.08205,1.08211
"exness","EURUSD","2023-06-15 01:32:46.970Z",1.0820400000000001,1.0821
"exness","EURUSD","2023-06-15 01:32:54.758Z",1.08202,1.08208
"exness","EURUSD","2023-06-15 01:32:54.905Z",1.08201,1.08207
"exness","EURUSD","2023-06-15 01:32:55.158Z",1.08199,1.08205
"exness","EURUSD","2023-06-15 01:32:56.126Z",1.08199,1.0820400000000001
"exness","EURUSD","2023-06-15 01:32:57.087Z",1.08197,1.0820400000000001
"exness","EURUSD","2023-06-15 01:32:57.109Z",1.08196,1.08202
"exness","EURUSD","2023-06-15 01:32:57.120Z",1.08194,1.082
"exness","EURUSD","2023-06-15 01:32:57.138Z",1.08192,1.08199
"exness","EURUSD","2023-06-15 01:32:57.150Z",1.08191,1.08197
"exness","EURUSD","2023-06-15 01:32:57.161Z",1.08189,1.08195
"exness","EURUSD","2023-06-15 01:32:57.189Z",1.0818699999999999,1.08193
"exness","EURUSD","2023-06-15 01:32:57.214Z",1.08186,1.08192
"exness","EURUSD","2023-06-15 01:32:57.244Z",1.08184,1.0819
"exness","EURUSD","2023-06-15 01:32:57.261Z",1.08183,1.08188
"exness","EURUSD","2023-06-15 01:32:57.292Z",1.08181,1.0818699999999999
"exness","EURUSD","2023-06-15 01:32:57.523Z",1.08182,1.08188
"exness","EURUSD","2023-06-15 01:33:00.152Z",1.0818,1.08186
"exness","EURUSD","2023-06-15 01:33:00.167Z",1.08179,1.08185
"exness","EURUSD","2023-06-15 01:33:00.274Z",1.08177,1.08183
"exness","EURUSD","2023-06-15 01:33:03.000Z",1.0818,1.08186
"exness","EURUSD","2023-06-15 01:33:03.196Z",1.08181,1.0818699999999999
"exness","EURUSD","2023-06-15 01:33:05.559Z",1.08183,1.0819
"exness","EURUSD","2023-06-15 01:33:05.867Z",1.08185,1.08191
"exness","EURUSD","2023-06-15 01:33:07.900Z",1.08186,1.08191
"exness","EURUSD","2023-06-15 01:33:09.266Z",1.08184,1.0819
"exness","EURUSD","2023-06-15 01:33:09.338Z",1.08185,1.08192
"exness","EURUSD","2023-06-15 01:33:09.365Z",1.0818699999999999,1.08193
"exness","EURUSD","2023-06-15 01:33:09.399Z",1.08188,1.08195
"exness","EURUSD","2023-06-15 01:33:09.953Z",1.0819,1.08195
"exness","EURUSD","2023-06-15 01:33:11.073Z",1.08188,1.08195
"exness","EURUSD","2023-06-15 01:33:11.649Z",1.0818699999999999,1.08193
"exness","EURUSD","2023-06-15 01:33:11.774Z",1.08186,1.08191
"exness","EURUSD","2023-06-15 01:33:11.847Z",1.08184,1.08191
"exness","EURUSD","2023-06-15 01:33:11.866Z",1.08183,1.08189
"exness","EURUSD","2023-06-15 01:33:12.528Z",1.08181,1.08188
"exness","EURUSD","2023-06-15 01:33:13.686Z",1.08179,1.08185
"exness","EURUSD","2023-06-15 01:33:13.802Z",1.08177,1.08184
"exness","EURUSD","2023-06-15 01:33:19.455Z",1.08177,1.08182
"exness","EURUSD","2023-06-15 01:33:19.887Z",1.08178,1.08184
"exness","EURUSD","2023-06-15 01:33:22.063Z",1.08179,1.08184
"exness","EURUSD","2023-06-15 01:33:22.079Z",1.08178,1.08184
"exness","EURUSD","2023-06-15 01:33:22.482Z",1.08176,1.08182
"exness","EURUSD","2023-06-15 01:33:25.028Z",1.08178,1.08183
"exness","EURUSD","2023-06-15 01:33:29.010Z",1.08178,1.08185
"exness","EURUSD","2023-06-15 01:33:30.110Z",1.08177,1.08183
"exness","EURUSD","2023-06-15 01:33:30.255Z",1.08175,1.08181
"exness","EURUSD","2023-06-15 01:33:30.331Z",1.08174,1.0818
"exness","EURUSD","2023-06-15 01:33:30.397Z",1.08172,1.08178
"exness","EURUSD","2023-06-15 01:33:30.439Z",1.08171,1.08177
"exness","EURUSD","2023-06-15 01:33:30.507Z",1.08169,1.08175
"exness","EURUSD","2023-06-15 01:33:30.579Z",1.08167,1.08174
"exness","EURUSD","2023-06-15 01:33:31.122Z",1.08167,1.08172
"exness","EURUSD","2023-06-15 01:33:31.564Z",1.08166,1.08172
"exness","EURUSD","2023-06-15 01:33:35.816Z",1.08167,1.08172
"exness","EURUSD","2023-06-15 01:33:39.746Z",1.08166,1.08172
"exness","EURUSD","2023-06-15 01:33:40.524Z",1.08167,1.08173
"exness","EURUSD","2023-06-15 01:33:46.289Z",1.08168,1.08174
"exness","EURUSD","2023-06-15 01:33:46.602Z",1.0817,1.08176
"exness","EURUSD","2023-06-15 01:33:46.638Z",1.08171,1.08177
"exness","EURUSD","2023-06-15 01:33:54.224Z",1.0817,1.08176
"exness","EURUSD","2023-06-15 01:33:56.241Z",1.08172,1.08178
"exness","EURUSD","2023-06-15 01:33:56.706Z",1.08173,1.08178
"exness","EURUSD","2023-06-15 01:33:56.991Z",1.08171,1.08178
"exness","EURUSD","2023-06-15 01:33:58.477Z",1.08169,1.08176
"exness","EURUSD","2023-06-15 01:33:58.513Z",1.08168,1.08174
"exness","EURUSD","2023-06-15 01:33:58.802Z",1.0817,1.08175
"exness","EURUSD","2023-06-15 01:34:00.171Z",1.08169,1.08175
"exness","EURUSD","2023-06-15 01:34:01.318Z",1.08171,1.08177
"exness","EURUSD","2023-06-15 01:34:01.583Z",1.08172,1.08177
"exness","EURUSD","2023-06-15 01:34:01.975Z",1.08172,1.08179
"exness","EURUSD","2023-06-15 01:34:03.355Z",1.08174,1.0818
"exness","EURUSD","2023-06-15 01:34:03.360Z",1.08176,1.08182
"exness","EURUSD","2023-06-15 01:34:03.596Z",1.08178,1.08183
"exness","EURUSD","2023-06-15 01:34:06.859Z",1.08178,1.08184
"exness","EURUSD","2023-06-15 01:34:06.886Z",1.08176,1.08183
"exness","EURUSD","2023-06-15 01:34:07.040Z",1.08175,1.08181
"exness","EURUSD","2023-06-15 01:34:09.365Z",1.08174,1.08179
"exness","EURUSD","2023-06-15 01:34:10.765Z",1.08175,1.08181
"exness","EURUSD","2023-06-15 01:34:10.779Z",1.08176,1.08181
"exness","EURUSD","2023-06-15 01:34:15.090Z",1.08177,1.08183
"exness","EURUSD","2023-06-15 01:34:15.171Z",1.08179,1.08184
"exness","EURUSD","2023-06-15 01:34:15.228Z",1.08177,1.08183
"exness","EURUSD","2023-06-15 01:34:17.140Z",1.08178,1.08183
"exness","EURUSD","2023-06-15 01:34:25.936Z",1.08176,1.08182
"exness","EURUSD","2023-06-15 01:34:27.236Z",1.08175,1.08181
"exness","EURUSD","2023-06-15 01:34:28.096Z",1.08177,1.08183
"exness","EURUSD","2023-06-15 01:34:29.274Z",1.08179,1.08184
"exness","EURUSD","2023-06-15 01:34:32.086Z",1.08178,1.08185
"exness","EURUSD","2023-06-15 01:34:41.059Z",1.08176,1.08183
"exness","EURUSD","2023-06-15 01:34:41.100Z",1.08175,1.08181
"exness","EURUSD","2023-06-15 01:34:41.117Z",1.08173,1.08179
"exness","EURUSD","2023-06-15 01:34:41.164Z",1.08172,1.08178
"exness","EURUSD","2023-06-15 01:34:42.243Z",1.08173,1.08179
"exness","EURUSD","2023-06-15 01:34:44.107Z",1.08175,1.08181
"exness","EURUSD","2023-06-15 01:34:44.130Z",1.08176,1.08182
"exness","EURUSD","2023-06-15 01:34:44.233Z",1.08178,1.08184
"exness","EURUSD","2023-06-15 01:34:45.541Z",1.08176,1.08182
"exness","EURUSD","2023-06-15 01:34:45.559Z",1.08175,1.08181
"exness","EURUSD","2023-06-15 01:34:45.589Z",1.08173,1.08179
"exness","EURUSD","2023-06-15 01:34:45.618Z",1.08171,1.08178
"exness","EURUSD","2023-06-15 01:34:45.682Z",1.0817,1.08176
"exness","EURUSD","2023-06-15 01:34:45.703Z",1.08168,1.08174
"exness","EURUSD","2023-06-15 01:34:45.795Z",1.08166,1.08173
"exness","EURUSD","2023-06-15 01:34:47.521Z",1.08164,1.08171
