"Exness","Symbol","Timestamp","Bid","Ask"
"exness","EURUSD","2023-06-05 00:00:00.128Z",1.06966,1.06971
"exness","EURUSD","2023-06-05 00:00:00.143Z",1.06968,1.06973
"exness","EURUSD","2023-06-05 00:00:00.558Z",1.06966,1.06972
"exness","EURUSD","2023-06-05 00:00:03.746Z",1.06967,1.06973
"exness","EURUSD","2023-06-05 00:00:06.775Z",1.06969,1.06975
"exness","EURUSD","2023-06-05 00:00:08.096Z",1.06967,1.06973
"exness","EURUSD","2023-06-05 00:00:11.040Z",1.06965,1.06971
"exness","EURUSD","2023-06-05 00:00:11.318Z",1.06964,1.06969
"exness","EURUSD","2023-06-05 00:00:12.539Z",1.06964,1.06971
"exness","EURUSD","2023-06-05 00:00:17.231Z",1.06963,1.06969
"exness","EURUSD","2023-06-05 00:00:17.279Z",1.06961,1.06967
"exness","EURUSD","2023-06-05 00:00:18.340Z",1.06961,1.06966
"exness","EURUSD","2023-06-05 00:00:21.089Z",1.06959,1.06965
"exness","EURUSD","2023-06-05 00:00:21.102Z",1.06957,1.06964
"exness","EURUSD","2023-06-05 00:00:21.167Z",1.06955,1.06961
"exness","EURUSD","2023-06-05 00:00:21.201Z",1.06953,1.06959
"exness","EURUSD","2023-06-05 00:00:21.730Z",1.06953,1.06958
"exness","EURUSD","2023-06-05 00:00:21.779Z",1.06951,1.06957
"exness","EURUSD","2023-06-05 00:00:24.072Z",1.06949,1.06955
"exness","EURUSD","2023-06-05 00:00:24.086Z",1.06948,1.06954
"exness","EURUSD","2023-06-05 00:00:24.113Z",1.06946,1.06952
"exness","EURUSD","2023-06-05 00:00:25.170Z",1.06945,1.06951
"exness","EURUSD","2023-06-05 00:00:28.613Z",1.06943,1.06949
"exness","EURUSD","2023-06-05 00:00:28.618Z",1.06942,1.06948
"exness","EURUSD","2023-06-05 00:00:31.663Z",1.06944,1.06949
"exness","EURUSD","2023-06-05 00:00:31.721Z",1.06944,1.0695000000000001
"exness","EURUSD","2023-06-05 00:00:31.928Z",1.06946,1.06952
"exness","EURUSD","2023-06-05 00:00:34.021Z",1.06944,1.0695000000000001
"exness","EURUSD","2023-06-05 00:00:35.046Z",1.06943,1.06948
"exness","EURUSD","2023-06-05 00:00:35.699Z",1.06943,1.0695000000000001
"exness","EURUSD","2023-06-05 00:00:42.395Z",1.06945,1.0695000000000001
"exness","EURUSD","2023-06-05 00:00:44.337Z",1.06943,1.0695000000000001
"exness","EURUSD","2023-06-05 00:00:52.599Z",1.06941,1.06947
"exness","EURUSD","2023-06-05 00:00:52.726Z",1.0694,1.06946
"exness","EURUSD","2023-06-05 00:00:52.752Z",1.06938,1.06944
"exness","EURUSD","2023-06-05 00:00:52.764Z",1.06936,1.06942
"exness","EURUSD","2023-06-05 00:00:52.903Z",1.06936,1.06941
"exness","EURUSD","2023-06-05 00:00:53.523Z",1.06936,1.06942
"exness","EURUSD","2023-06-05 00:00:53.555Z",1.06938,1.06944
"exness","EURUSD","2023-06-05 00:00:53.572Z",1.06939,1.06946
"exness","EURUSD","2023-06-05 00:00:53.600Z",1.06941,1.06948
"exness","EURUSD","2023-06-05 00:00:53.614Z",1.06943,1.06949
"exness","EURUSD","2023-06-05 00:00:53.650Z",1.06945,1.06951
"exness","EURUSD","2023-06-05 00:00:53.663Z",1.06946,1.06953
"exness","EURUSD","2023-06-05 00:00:54.504Z",1.06948,1.06954
"exness","EURUSD","2023-06-05 00:00:55.950Z",1.06949,1.06955
"exness","EURUSD","2023-06-05 00:00:57.056Z",1.0695000000000001,1.06957
"exness","EURUSD","2023-06-05 00:00:57.114Z",1.06952,1.06958
"exness","EURUSD","2023-06-05 00:00:57.129Z",1.06953,1.0695999999999999
"exness","EURUSD","2023-06-05 00:00:58.427Z",1.06952,1.06959
"exness","EURUSD","2023-06-05 00:00:59.740Z",1.06951,1.06957
"exness","EURUSD","2023-06-05 00:01:01.335Z",1.06949,1.06955
"exness","EURUSD","2023-06-05 00:01:01.392Z",1.06949,1.06954
"exness","EURUSD","2023-06-05 00:01:04.984Z",1.06949,1.06955
"exness","EURUSD","2023-06-05 00:01:06.098Z",1.06948,1.06954
"exness","EURUSD","2023-06-05 00:01:06.124Z",1.06946,1.06953
"exness","EURUSD","2023-06-05 00:01:06.162Z",1.06946,1.06951
"exness","EURUSD","2023-06-05 00:01:06.245Z",1.06944,1.06951
"exness","EURUSD","2023-06-05 00:01:13.502Z",1.06947,1.06953
"exness","EURUSD","2023-06-05 00:01:13.830Z",1.06948,1.06954
"exness","EURUSD","2023-06-05 00:01:15.074Z",1.0695000000000001,1.06956
"exness","EURUSD","2023-06-05 00:01:17.513Z",1.06951,1.06957
"exness","EURUSD","2023-06-05 00:01:20.941Z",1.06952,1.06958
"exness","EURUSD","2023-06-05 00:01:20.998Z",1.06953,1.0695999999999999
"exness","EURUSD","2023-06-05 00:01:21.040Z",1.06955,1.06961
"exness","EURUSD","2023-06-05 00:01:21.708Z",1.06953,1.0695999999999999
"exness","EURUSD","2023-06-05 00:01:24.510Z",1.06952,1.06958
"exness","EURUSD","2023-06-05 00:01:24.732Z",1.0695000000000001,1.06956
"exness","EURUSD","2023-06-05 00:01:25.877Z",1.0695000000000001,1.06955
"exness","EURUSD","2023-06-05 00:01:27.466Z",1.06948,1.06955
"exness","EURUSD","2023-06-05 00:01:27.472Z",1.06947,1.06953
"exness","EURUSD","2023-06-05 00:01:27.492Z",1.06945,1.06952
"exness","EURUSD","2023-06-05 00:01:27.531Z",1.06945,1.0695000000000001
"exness","EURUSD","2023-06-05 00:01:27.961Z",1.06943,1.06949
"exness","EURUSD","2023-06-05 00:01:29.046Z",1.06944,1.0695000000000001
"exness","EURUSD","2023-06-05 00:01:30.698Z",1.06943,1.06949
"exness","EURUSD","2023-06-05 00:01:31.060Z",1.06941,1.06947
"exness","EURUSD","2023-06-05 00:01:37.944Z",1.06942,1.06949
"exness","EURUSD","2023-06-05 00:01:37.963Z",1.06944,1.0695000000000001
"exness","EURUSD","2023-06-05 00:01:38.030Z",1.06945,1.0695000000000001
"exness","EURUSD","2023-06-05 00:01:38.389Z",1.06944,1.0695000000000001
"exness","EURUSD","2023-06-05 00:01:40.903Z",1.06943,1.06949
"exness","EURUSD","2023-06-05 00:01:41.814Z",1.06942,1.06947
"exness","EURUSD","2023-06-05 00:01:45.711Z",1.06941,1.06947
"exness","EURUSD","2023-06-05 00:01:49.237Z",1.06942,1.06948
"exness","EURUSD","2023-06-05 00:01:53.149Z",1.06941,1.06947
"exness","EURUSD","2023-06-05 00:02:04.337Z",1.06938,1.06945
"exness","EURUSD","2023-06-05 00:02:04.437Z",1.06937,1.06943
"exness","EURUSD","2023-06-05 00:02:04.478Z",1.06937,1.06942
"exness","EURUSD","2023-06-05 00:02:04.501Z",1.06935,1.06941
"exness","EURUSD","2023-06-05 00:02:04.515Z",1.06934,1.0694
"exness","EURUSD","2023-06-05 00:02:07.455Z",1.06936,1.06942
"exness","EURUSD","2023-06-05 00:02:07.900Z",1.06938,1.06943
"exness","EURUSD","2023-06-05 00:02:12.640Z",1.06935,1.06942
"exness","EURUSD","2023-06-05 00:02:16.698Z",1.06935,1.0694
"exness","EURUSD","2023-06-05 00:02:16.763Z",1.06936,1.06942
"exness","EURUSD","2023-06-05 00:02:16.856Z",1.06938,1.06943
"exness","EURUSD","2023-06-05 00:02:26.421Z",1.06936,1.06942
"exness","EURUSD","2023-06-05 00:02:32.369Z",1.06936,1.06941
"exness","EURUSD","2023-06-05 00:02:35.008Z",1.06937,1.06943
"exness","EURUSD","2023-06-05 00:02:40.173Z",1.06935,1.06941
"exness","EURUSD","2023-06-05 00:02:40.177Z",1.06933,1.0694
"exness","EURUSD","2023-06-05 00:02:40.593Z",1.06932,1.06938
"exness","EURUSD","2023-06-05 00:02:41.800Z",1.06932,1.06937
"exness","EURUSD","2023-06-05 00:02:46.347Z",1.0693,1.06937
"exness","EURUSD","2023-06-05 00:02:54.053Z",1.06929,1.06936
"exness","EURUSD","2023-06-05 00:02:57.460Z",1.06931,1.06936
"exness","EURUSD","2023-06-05 00:03:01.173Z",1.06931,1.06937
"exness","EURUSD","2023-06-05 00:03:02.202Z",1.06932,1.06938
"exness","EURUSD","2023-06-05 00:03:05.238Z",1.06933,1.06939
"exness","EURUSD","2023-06-05 00:03:14.432Z",1.06932,1.06937
"exness","EURUSD","2023-06-05 00:03:16.977Z",1.06932,1.06939
"exness","EURUSD","2023-06-05 00:03:18.445Z",1.06934,1.06939
"exness","EURUSD","2023-06-05 00:03:20.367Z",1.06934,1.0694
"exness","EURUSD","2023-06-05 00:03:21.912Z",1.06936,1.06941
"exness","EURUSD","2023-06-05 00:03:21.980Z",1.06937,1.06943
"exness","EURUSD","2023-06-05 00:03:22.002Z",1.06938,1.06944
"exness","EURUSD","2023-06-05 00:03:28.287Z",1.06937,1.06942
"exness","EURUSD","2023-06-05 00:03:29.032Z",1.06936,1.06942
"exness","EURUSD","2023-06-05 00:03:29.061Z",1.06934,1.0694
"exness","EURUSD","2023-06-05 00:03:35.336Z",1.06934,1.06939
"exness","EURUSD","2023-06-05 00:03:35.459Z",1.06932,1.06938
"exness","EURUSD","2023-06-05 00:03:51.576Z",1.06934,1.06939
"exness","EURUSD","2023-06-05 00:03:56.754Z",1.06934,1.06941
"exness","EURUSD","2023-06-05 00:03:57.779Z",1.06933,1.06939
"exness","EURUSD","2023-06-05 00:03:58.821Z",1.06931,1.06937
"exness","EURUSD","2023-06-05 00:03:58.899Z",1.06929,1.06935
"exness","EURUSD","2023-06-05 00:03:58.926Z",1.06928,1.06934
"exness","EURUSD","2023-06-05 00:03:58.984Z",1.06926,1.06932
"exness","EURUSD","2023-06-05 00:03:59.665Z",1.06925,1.06931
"exness","EURUSD","2023-06-05 00:04:00.170Z",1.06923,1.06929
"exness","EURUSD","2023-06-05 00:04:00.772Z",1.06923,1.06928
"exness","EURUSD","2023-06-05 00:04:01.123Z",1.06921,1.06928
"exness","EURUSD","2023-06-05 00:04:03.884Z",1.06923,1.06928
"exness","EURUSD","2023-06-05 00:04:04.218Z",1.06921,1.06927
"exness","EURUSD","2023-06-05 00:04:11.450Z",1.06923,1.0693
"exness","EURUSD","2023-06-05 00:04:11.765Z",1.06925,1.06931
"exness","EURUSD","2023-06-05 00:04:14.285Z",1.06926,1.06931
"exness","EURUSD","2023-06-05 00:04:17.492Z",1.06924,1.0693
"exness","EURUSD","2023-06-05 00:04:20.498Z",1.06925,1.06931
"exness","EURUSD","2023-06-05 00:04:24.229Z",1.06926,1.06931
"exness","EURUSD","2023-06-05 00:04:24.564Z",1.06924,1.06931
"exness","EURUSD","2023-06-05 00:04:24.578Z",1.06923,1.06929
"exness","EURUSD","2023-06-05 00:04:24.675Z",1.06921,1.06928
"exness","EURUSD","2023-06-05 00:04:27.856Z",1.06923,1.06928
"exness","EURUSD","2023-06-05 00:04:28.641Z",1.06921,1.06928
"exness","EURUSD","2023-06-05 00:04:30.488Z",1.06924,1.0693
"exness","EURUSD","2023-06-05 00:04:30.593Z",1.06925,1.0693
"exness","EURUSD","2023-06-05 00:04:33.277Z",1.06925,1.06932
"exness","EURUSD","2023-06-05 00:04:43.733Z",1.06924,1.0693
"exness","EURUSD","2023-06-05 00:04:46.197Z",1.06925,1.0693
"exness","EURUSD","2023-06-05 00:04:47.667Z",1.06925,1.06932
"exness","EURUSD","2023-06-05 00:04:56.557Z",1.06927,1.06934
"exness","EURUSD","2023-06-05 00:04:56.631Z",1.06929,1.06935
"exness","EURUSD","2023-06-05 00:04:57.702Z",1.06928,1.06934
"exness","EURUSD","2023-06-05 00:04:57.707Z",1.06926,1.06932
"exness","EURUSD","2023-06-05 00:05:06.665Z",1.06925,1.06931
"exness","EURUSD","2023-06-05 00:05:07.514Z",1.06927,1.06932
"exness","EURUSD","2023-06-05 00:05:08.777Z",1.06926,1.06932
"exness","EURUSD","2023-06-05 00:05:09.818Z",1.06927,1.06933
"exness","EURUSD","2023-06-05 00:05:13.688Z",1.06929,1.06935
"exness","EURUSD","2023-06-05 00:05:17.216Z",1.06927,1.06934
"exness","EURUSD","2023-06-05 00:05:17.224Z",1.06926,1.06932
"exness","EURUSD","2023-06-05 00:05:33.382Z",1.06925,1.0693
"exness","EURUSD","2023-06-05 00:05:38.699Z",1.06925,1.06931
"exness","EURUSD","2023-06-05 00:05:39.059Z",1.06926,1.06933
"exness","EURUSD","2023-06-05 00:05:41.261Z",1.06927,1.06932
"exness","EURUSD","2023-06-05 00:05:42.164Z",1.06925,1.06931
"exness","EURUSD","2023-06-05 00:05:42.596Z",1.06923,1.0693
"exness","EURUSD","2023-06-05 00:05:43.365Z",1.06923,1.06928
"exness","EURUSD","2023-06-05 00:05:52.307Z",1.06924,1.0693
"exness","EURUSD","2023-06-05 00:05:53.645Z",1.06923,1.06929
"exness","EURUSD","2023-06-05 00:05:56.816Z",1.06921,1.06928
"exness","EURUSD","2023-06-05 00:06:09.090Z",1.06923,1.06929
"exness","EURUSD","2023-06-05 00:06:32.639Z",1.06924,1.06929
"exness","EURUSD","2023-06-05 00:06:34.464Z",1.06922,1.06929
"exness","EURUSD","2023-06-05 00:06:34.755Z",1.06921,1.06927
"exness","EURUSD","2023-06-05 00:06:43.063Z",1.06919,1.06925
"exness","EURUSD","2023-06-05 00:06:43.081Z",1.06917,1.06924
"exness","EURUSD","2023-06-05 00:06:43.154Z",1.06916,1.06922
"exness","EURUSD","2023-06-05 00:06:43.259Z",1.06917,1.06922
"exness","EURUSD","2023-06-05 00:06:43.414Z",1.06918,1.06924
"exness","EURUSD","2023-06-05 00:06:43.484Z",1.0692,1.06925
"exness","EURUSD","2023-06-05 00:06:43.490Z",1.06921,1.06927
"exness","EURUSD","2023-06-05 00:06:43.511Z",1.06922,1.06928
"exness","EURUSD","2023-06-05 00:06:43.573Z",1.06924,1.0693
"exness","EURUSD","2023-06-05 00:06:43.638Z",1.06926,1.06932
"exness","EURUSD","2023-06-05 00:06:43.703Z",1.06927,1.06933
"exness","EURUSD","2023-06-05 00:06:50.531Z",1.06926,1.06932
"exness","EURUSD","2023-06-05 00:06:54.572Z",1.06924,1.0693
"exness","EURUSD","2023-06-05 00:06:55.237Z",1.06926,1.06932
"exness","EURUSD","2023-06-05 00:06:55.645Z",1.06927,1.06932
"exness","EURUSD","2023-06-05 00:07:00.494Z",1.06926,1.06932
"exness","EURUSD","2023-06-05 00:07:01.289Z",1.06924,1.06931
"exness","EURUSD","2023-06-05 00:07:01.347Z",1.06923,1.06929
"exness","EURUSD","2023-06-05 00:07:06.123Z",1.06924,1.06931
"exness","EURUSD","2023-06-05 00:07:23.275Z",1.06925,1.06932
"exness","EURUSD","2023-06-05 00:07:26.090Z",1.06923,1.0693
"exness","EURUSD","2023-06-05 00:07:30.649Z",1.06921,1.06928
"exness","EURUSD","2023-06-05 00:07:55.805Z",1.0692,1.06926
"exness","EURUSD","2023-06-05 00:07:56.177Z",1.06919,1.06925
"exness","EURUSD","2023-06-05 00:07:56.216Z",1.06917,1.06923
"exness","EURUSD","2023-06-05 00:07:56.377Z",1.06917,1.06922
"exness","EURUSD","2023-06-05 00:07:56.394Z",1.06917,1.06924
"exness","EURUSD","2023-06-05 00:07:57.233Z",1.06919,1.06924
"exness","EURUSD","2023-06-05 00:07:57.848Z",1.06917,1.06923
"exness","EURUSD","2023-06-05 00:08:01.087Z",1.06919,1.06925
"exness","EURUSD","2023-06-05 00:08:03.794Z",1.0692,1.06927
"exness","EURUSD","2023-06-05 00:08:05.991Z",1.06922,1.06927
"exness","EURUSD","2023-06-05 00:08:15.905Z",1.06922,1.06929
"exness","EURUSD","2023-06-05 00:08:15.931Z",1.06924,1.0693
"exness","EURUSD","2023-06-05 00:08:20.663Z",1.06925,1.06932
"exness","EURUSD","2023-06-05 00:08:34.819Z",1.06924,1.0693
"exness","EURUSD","2023-06-05 00:08:34.837Z",1.06923,1.06929
"exness","EURUSD","2023-06-05 00:08:34.885Z",1.06921,1.06927
"exness","EURUSD","2023-06-05 00:08:40.202Z",1.06923,1.06928
"exness","EURUSD","2023-06-05 00:08:41.634Z",1.06921,1.06927
"exness","EURUSD","2023-06-05 00:08:58.708Z",1.06923,1.06929
"exness","EURUSD","2023-06-05 00:08:58.907Z",1.06925,1.06931
"exness","EURUSD","2023-06-05 00:09:02.115Z",1.06923,1.0693
"exness","EURUSD","2023-06-05 00:09:02.276Z",1.06922,1.06928
"exness","EURUSD","2023-06-05 00:09:12.701Z",1.06922,1.06927
"exness","EURUSD","2023-06-05 00:09:26.800Z",1.06922,1.06929
"exness","EURUSD","2023-06-05 00:09:27.484Z",1.06924,1.06929
"exness","EURUSD","2023-06-05 00:09:33.303Z",1.06924,1.06931
"exness","EURUSD","2023-06-05 00:09:41.043Z",1.06925,1.06932
"exness","EURUSD","2023-06-05 00:09:47.558Z",1.06924,1.06931
"exness","EURUSD","2023-06-05 00:09:47.578Z",1.06923,1.06929
"exness","EURUSD","2023-06-05 00:09:56.410Z",1.06922,1.06928
"exness","EURUSD","2023-06-05 00:09:57.174Z",1.06923,1.0693
"exness","EURUSD","2023-06-05 00:09:57.441Z",1.06925,1.0693
"exness","EURUSD","2023-06-05 00:10:03.658Z",1.06923,1.06929
"exness","EURUSD","2023-06-05 00:10:04.665Z",1.06923,1.06928
"exness","EURUSD","2023-06-05 00:10:05.677Z",1.06923,1.06929
"exness","EURUSD","2023-06-05 00:10:20.827Z",1.06922,1.06928
"exness","EURUSD","2023-06-05 00:10:21.449Z",1.06923,1.06929
"exness","EURUSD","2023-06-05 00:10:22.768Z",1.06925,1.0693
"exness","EURUSD","2023-06-05 00:10:24.089Z",1.06925,1.06932
"exness","EURUSD","2023-06-05 00:10:24.505Z",1.06927,1.06933
"exness","EURUSD","2023-06-05 00:10:26.539Z",1.06928,1.06933
"exness","EURUSD","2023-06-05 00:10:30.071Z",1.06929,1.06935
"exness","EURUSD","2023-06-05 00:10:36.653Z",1.0693,1.06935
"exness","EURUSD","2023-06-05 00:10:46.350Z",1.06928,1.06934
"exness","EURUSD","2023-06-05 00:10:46.474Z",1.06928,1.06933
"exness","EURUSD","2023-06-05 00:10:51.020Z",1.06927,1.06934
"exness","EURUSD","2023-06-05 00:10:51.675Z",1.06929,1.06935
"exness","EURUSD","2023-06-05 00:11:07.859Z",1.0693,1.06937
"exness","EURUSD","2023-06-05 00:11:09.424Z",1.06932,1.06938
"exness","EURUSD","2023-06-05 00:11:10.197Z",1.06934,1.06939
"exness","EURUSD","2023-06-05 00:11:11.202Z",1.06934,1.06941
"exness","EURUSD","2023-06-05 00:11:34.966Z",1.06932,1.06938
"exness","EURUSD","2023-06-05 00:11:40.803Z",1.06932,1.06937
"exness","EURUSD","2023-06-05 00:11:43.021Z",1.06932,1.06939
"exness","EURUSD","2023-06-05 00:11:43.493Z",1.06934,1.0694
"exness","EURUSD","2023-06-05 00:11:58.368Z",1.06936,1.06942
"exness","EURUSD","2023-06-05 00:11:58.391Z",1.06938,1.06944
"exness","EURUSD","2023-06-05 00:11:58.591Z",1.06939,1.06945
"exness","EURUSD","2023-06-05 00:12:03.570Z",1.0694,1.06947
"exness","EURUSD","2023-06-05 00:12:54.936Z",1.06942,1.06948
"exness","EURUSD","2023-06-05 00:12:58.615Z",1.06943,1.06949
"exness","EURUSD","2023-06-05 00:13:04.705Z",1.06942,1.06948
"exness","EURUSD","2023-06-05 00:13:07.547Z",1.06942,1.06947
"exness","EURUSD","2023-06-05 00:13:25.119Z",1.0694,1.06946
"exness","EURUSD","2023-06-05 00:13:25.142Z",1.06938,1.06944
"exness","EURUSD","2023-06-05 00:13:25.420Z",1.06937,1.06943
"exness","EURUSD","2023-06-05 00:13:38.234Z",1.06939,1.06945
"exness","EURUSD","2023-06-05 00:13:38.318Z",1.0694,1.06945
"exness","EURUSD","2023-06-05 00:13:38.464Z",1.06942,1.06948
"exness","EURUSD","2023-06-05 00:13:38.485Z",1.06943,1.06949
"exness","EURUSD","2023-06-05 00:13:43.115Z",1.06944,1.06949
"exness","EURUSD","2023-06-05 00:13:46.985Z",1.06945,1.06951
"exness","EURUSD","2023-06-05 00:13:49.689Z",1.06947,1.06953
"exness","EURUSD","2023-06-05 00:13:49.967Z",1.06949,1.06954
"exness","EURUSD","2023-06-05 00:13:50.772Z",1.06947,1.06953
"exness","EURUSD","2023-06-05 00:13:56.562Z",1.06946,1.06951
"exness","EURUSD","2023-06-05 00:13:56.602Z",1.06945,1.06951
"exness","EURUSD","2023-06-05 00:13:56.621Z",1.06943,1.06949
"exness","EURUSD","2023-06-05 00:13:56.694Z",1.06943,1.06948
"exness","EURUSD","2023-06-05 00:14:04.422Z",1.06941,1.06948
"exness","EURUSD","2023-06-05 00:14:04.455Z",1.0694,1.06946
"exness","EURUSD","2023-06-05 00:14:09.937Z",1.06942,1.06948
"exness","EURUSD","2023-06-05 00:14:10.079Z",1.06944,1.0695000000000001
"exness","EURUSD","2023-06-05 00:14:18.807Z",1.06942,1.06949
"exness","EURUSD","2023-06-05 00:14:24.536Z",1.06942,1.06947
"exness","EURUSD","2023-06-05 00:14:28.435Z",1.0694,1.06946
"exness","EURUSD","2023-06-05 00:14:28.503Z",1.06938,1.06944
"exness","EURUSD","2023-06-05 00:14:29.590Z",1.06938,1.06943
"exness","EURUSD","2023-06-05 00:14:32.028Z",1.06936,1.06943
"exness","EURUSD","2023-06-05 00:14:35.952Z",1.06935,1.06942
"exness","EURUSD","2023-06-05 00:14:41.780Z",1.06937,1.06944
"exness","EURUSD","2023-06-05 00:14:42.792Z",1.06937,1.06942
"exness","EURUSD","2023-06-05 00:14:55.353Z",1.06936,1.06942
"exness","EURUSD","2023-06-05 00:15:00.536Z",1.06938,1.06944
"exness","EURUSD","2023-06-05 00:15:02.937Z",1.06939,1.06946
"exness","EURUSD","2023-06-05 00:15:04.153Z",1.06941,1.06947
"exness","EURUSD","2023-06-05 00:15:11.361Z",1.06939,1.06946
"exness","EURUSD","2023-06-05 00:15:17.453Z",1.06941,1.06946
"exness","EURUSD","2023-06-05 00:15:21.106Z",1.06938,1.06945
"exness","EURUSD","2023-06-05 00:15:21.811Z",1.06938,1.06943
"exness","EURUSD","2023-06-05 00:15:22.084Z",1.06939,1.06945
"exness","EURUSD","2023-06-05 00:15:23.088Z",1.0694,1.06945
"exness","EURUSD","2023-06-05 00:15:26.914Z",1.0694,1.06946
"exness","EURUSD","2023-06-05 00:15:31.117Z",1.06941,1.06947
"exness","EURUSD","2023-06-05 00:15:31.201Z",1.06943,1.06948
"exness","EURUSD","2023-06-05 00:15:31.233Z",1.06943,1.06949
"exness","EURUSD","2023-06-05 00:15:33.852Z",1.06942,1.06948
"exness","EURUSD","2023-06-05 00:15:35.021Z",1.06943,1.06948
"exness","EURUSD","2023-06-05 00:15:37.432Z",1.06941,1.06948
"exness","EURUSD","2023-06-05 00:15:37.685Z",1.0694,1.06946
"exness","EURUSD","2023-06-05 00:15:38.243Z",1.06938,1.06945
"exness","EURUSD","2023-06-05 00:15:38.418Z",1.06937,1.06943
"exness","EURUSD","2023-06-05 00:15:40.797Z",1.06938,1.06943
"exness","EURUSD","2023-06-05 00:15:42.954Z",1.06937,1.06943
"exness","EURUSD","2023-06-05 00:15:50.314Z",1.06935,1.06941
"exness","EURUSD","2023-06-05 00:16:00.178Z",1.06936,1.06941
"exness","EURUSD","2023-06-05 00:16:03.880Z",1.06935,1.06941
"exness","EURUSD","2023-06-05 00:16:06.423Z",1.06934,1.0694
"exness","EURUSD","2023-06-05 00:16:11.353Z",1.06934,1.06939
"exness","EURUSD","2023-06-05 00:16:14.131Z",1.06933,1.06939
"exness","EURUSD","2023-06-05 00:16:32.262Z",1.06931,1.06937
"exness","EURUSD","2023-06-05 00:16:41.987Z",1.0693,1.06936
"exness","EURUSD","2023-06-05 00:16:47.544Z",1.06928,1.06935
"exness","EURUSD","2023-06-05 00:16:49.573Z",1.0693,1.06936
"exness","EURUSD","2023-06-05 00:16:50.366Z",1.06932,1.06938
"exness","EURUSD","2023-06-05 00:16:51.443Z",1.06933,1.06939
"exness","EURUSD","2023-06-05 00:16:52.504Z",1.06932,1.06938
"exness","EURUSD","2023-06-05 00:16:59.939Z",1.06931,1.06937
"exness","EURUSD","2023-06-05 00:17:02.065Z",1.0693,1.06935
"exness","EURUSD","2023-06-05 00:17:04.160Z",1.0693,1.06936
"exness","EURUSD","2023-06-05 00:17:14.532Z",1.0693,1.06935
"exness","EURUSD","2023-06-05 00:17:23.644Z",1.06929,1.06935
"exness","EURUSD","2023-06-05 00:17:23.665Z",1.06928,1.06934
"exness","EURUSD","2023-06-05 00:17:23.967Z",1.06927,1.06932
"exness","EURUSD","2023-06-05 00:17:26.179Z",1.06927,1.06933
"exness","EURUSD","2023-06-05 00:17:34.586Z",1.06926,1.06932
"exness","EURUSD","2023-06-05 00:17:44.275Z",1.06924,1.06931
"exness","EURUSD","2023-06-05 00:17:44.828Z",1.06923,1.06929
"exness","EURUSD","2023-06-05 00:17:52.186Z",1.06925,1.0693
"exness","EURUSD","2023-06-05 00:17:58.509Z",1.06923,1.06929
"exness","EURUSD","2023-06-05 00:18:00.418Z",1.06921,1.06928
"exness","EURUSD","2023-06-05 00:18:00.506Z",1.0692,1.06926
"exness","EURUSD","2023-06-05 00:18:01.110Z",1.06918,1.06925
"exness","EURUSD","2023-06-05 00:18:01.696Z",1.0692,1.06925
"exness","EURUSD","2023-06-05 00:18:03.796Z",1.0692,1.06927
"exness","EURUSD","2023-06-05 00:18:05.190Z",1.06922,1.06927
"exness","EURUSD","2023-06-05 00:18:12.272Z",1.06921,1.06927
"exness","EURUSD","2023-06-05 00:18:17.233Z",1.06919,1.06925
"exness","EURUSD","2023-06-05 00:18:17.314Z",1.06917,1.06923
"exness","EURUSD","2023-06-05 00:18:18.203Z",1.06917,1.06922
"exness","EURUSD","2023-06-05 00:18:18.775Z",1.06915,1.06922
"exness","EURUSD","2023-06-05 00:18:24.220Z",1.06917,1.06923
"exness","EURUSD","2023-06-05 00:18:25.199Z",1.06918,1.06924
"exness","EURUSD","2023-06-05 00:18:28.411Z",1.0692,1.06926
"exness","EURUSD","2023-06-05 00:18:29.125Z",1.06921,1.06926
"exness","EURUSD","2023-06-05 00:18:29.141Z",1.0692,1.06926
"exness","EURUSD","2023-06-05 00:18:29.252Z",1.06919,1.06924
"exness","EURUSD","2023-06-05 00:18:29.290Z",1.06917,1.06924
"exness","EURUSD","2023-06-05 00:18:29.345Z",1.06916,1.06922
"exness","EURUSD","2023-06-05 00:18:35.977Z",1.06915,1.06921
"exness","EURUSD","2023-06-05 00:19:00.368Z",1.06913,1.06919
"exness","EURUSD","2023-06-05 00:19:00.940Z",1.06911,1.06918
"exness","EURUSD","2023-06-05 00:19:02.178Z",1.06913,1.06918
"exness","EURUSD","2023-06-05 00:19:02.951Z",1.06911,1.06917
"exness","EURUSD","2023-06-05 00:19:05.816Z",1.06909,1.06915
"exness","EURUSD","2023-06-05 00:19:05.905Z",1.06908,1.06914
"exness","EURUSD","2023-06-05 00:19:06.789Z",1.06909,1.06915
"exness","EURUSD","2023-06-05 00:19:06.946Z",1.06909,1.06914
"exness","EURUSD","2023-06-05 00:19:13.868Z",1.06909,1.06916
"exness","EURUSD","2023-06-05 00:19:16.491Z",1.06908,1.06913
"exness","EURUSD","2023-06-05 00:19:17.116Z",1.06907,1.06913
"exness","EURUSD","2023-06-05 00:19:25.975Z",1.06906,1.06911
"exness","EURUSD","2023-06-05 00:19:28.595Z",1.06905,1.06911
"exness","EURUSD","2023-06-05 00:19:38.162Z",1.06903,1.0691
"exness","EURUSD","2023-06-05 00:19:38.206Z",1.06902,1.06908
"exness","EURUSD","2023-06-05 00:19:38.418Z",1.06903,1.06908
"exness","EURUSD","2023-06-05 00:19:41.092Z",1.06903,1.06909
"exness","EURUSD","2023-06-05 00:19:50.119Z",1.06902,1.06908
"exness","EURUSD","2023-06-05 00:19:58.191Z",1.06903,1.06909
"exness","EURUSD","2023-06-05 00:20:07.228Z",1.06905,1.06911
"exness","EURUSD","2023-06-05 00:20:24.630Z",1.06907,1.06913
"exness","EURUSD","2023-06-05 00:20:24.638Z",1.06908,1.06915
"exness","EURUSD","2023-06-05 00:20:24.735Z",1.0691,1.06915
"exness","EURUSD","2023-06-05 00:20:24.770Z",1.0691,1.06917
"exness","EURUSD","2023-06-05 00:20:24.882Z",1.06912,1.06918
"exness","EURUSD","2023-06-05 00:20:25.046Z",1.06914,1.0692
"exness","EURUSD","2023-06-05 00:20:27.231Z",1.06915,1.0692
"exness","EURUSD","2023-06-05 00:20:42.208Z",1.06916,1.06922
"exness","EURUSD","2023-06-05 00:20:56.570Z",1.06917,1.06924
"exness","EURUSD","2023-06-05 00:20:56.675Z",1.06919,1.06925
"exness","EURUSD","2023-06-05 00:20:57.132Z",1.06921,1.06926
"exness","EURUSD","2023-06-05 00:20:59.338Z",1.06922,1.06927
"exness","EURUSD","2023-06-05 00:21:00.742Z",1.06922,1.06929
"exness","EURUSD","2023-06-05 00:21:00.849Z",1.06924,1.0693
"exness","EURUSD","2023-06-05 00:21:03.310Z",1.06923,1.06929
"exness","EURUSD","2023-06-05 00:21:03.543Z",1.06921,1.06928
"exness","EURUSD","2023-06-05 00:21:18.424Z",1.06919,1.06926
"exness","EURUSD","2023-06-05 00:21:18.474Z",1.06918,1.06924
"exness","EURUSD","2023-06-05 00:21:18.492Z",1.06916,1.06923
"exness","EURUSD","2023-06-05 00:21:19.988Z",1.06916,1.06921
"exness","EURUSD","2023-06-05 00:21:23.279Z",1.06917,1.06923
"exness","EURUSD","2023-06-05 00:21:44.316Z",1.06918,1.06924
"exness","EURUSD","2023-06-05 00:21:44.503Z",1.06916,1.06923
"exness","EURUSD","2023-06-05 00:21:47.932Z",1.06918,1.06924
"exness","EURUSD","2023-06-05 00:21:48.621Z",1.06919,1.06925
"exness","EURUSD","2023-06-05 00:21:48.710Z",1.06921,1.06927
"exness","EURUSD","2023-06-05 00:21:48.954Z",1.06923,1.06929
"exness","EURUSD","2023-06-05 00:21:50.181Z",1.06924,1.0693
"exness","EURUSD","2023-06-05 00:21:52.595Z",1.06925,1.0693
"exness","EURUSD","2023-06-05 00:21:56.437Z",1.06926,1.06932
"exness","EURUSD","2023-06-05 00:22:17.075Z",1.06925,1.06931
"exness","EURUSD","2023-06-05 00:22:21.622Z",1.06926,1.06931
"exness","EURUSD","2023-06-05 00:22:25.036Z",1.06928,1.06934
"exness","EURUSD","2023-06-05 00:22:25.073Z",1.06929,1.06936
"exness","EURUSD","2023-06-05 00:22:25.661Z",1.06931,1.06937
"exness","EURUSD","2023-06-05 00:22:25.671Z",1.06932,1.06939
"exness","EURUSD","2023-06-05 00:22:25.909Z",1.06934,1.0694
"exness","EURUSD","2023-06-05 00:22:28.096Z",1.06935,1.06942
"exness","EURUSD","2023-06-05 00:22:28.148Z",1.06937,1.06943
"exness","EURUSD","2023-06-05 00:22:28.454Z",1.06938,1.06945
"exness","EURUSD","2023-06-05 00:22:28.648Z",1.0694,1.06946
"exness","EURUSD","2023-06-05 00:22:30.910Z",1.06942,1.06948
"exness","EURUSD","2023-06-05 00:22:30.980Z",1.06943,1.0695000000000001
"exness","EURUSD","2023-06-05 00:22:31.125Z",1.06945,1.0695000000000001
"exness","EURUSD","2023-06-05 00:22:31.168Z",1.06943,1.06949
"exness","EURUSD","2023-06-05 00:22:36.228Z",1.06942,1.06948
"exness","EURUSD","2023-06-05 00:22:37.301Z",1.06941,1.06947
"exness","EURUSD","2023-06-05 00:22:38.364Z",1.0694,1.06946
"exness","EURUSD","2023-06-05 00:22:40.034Z",1.06938,1.06944
"exness","EURUSD","2023-06-05 00:22:41.037Z",1.0694,1.06946
"exness","EURUSD","2023-06-05 00:22:44.558Z",1.06938,1.06944
"exness","EURUSD","2023-06-05 00:22:49.758Z",1.06938,1.06943
"exness","EURUSD","2023-06-05 00:22:57.501Z",1.06937,1.06942
"exness","EURUSD","2023-06-05 00:23:01.130Z",1.06937,1.06943
"exness","EURUSD","2023-06-05 00:23:01.854Z",1.06938,1.06943
"exness","EURUSD","2023-06-05 00:23:06.285Z",1.06937,1.06943
"exness","EURUSD","2023-06-05 00:23:10.290Z",1.06936,1.06941
"exness","EURUSD","2023-06-05 00:23:14.544Z",1.06934,1.0694
"exness","EURUSD","2023-06-05 00:23:14.678Z",1.06933,1.06939
"exness","EURUSD","2023-06-05 00:23:17.120Z",1.06931,1.06937
"exness","EURUSD","2023-06-05 00:23:18.142Z",1.06929,1.06935
"exness","EURUSD","2023-06-05 00:23:27.062Z",1.06928,1.06934
"exness","EURUSD","2023-06-05 00:23:27.081Z",1.06926,1.06932
"exness","EURUSD","2023-06-05 00:23:27.146Z",1.06925,1.06931
"exness","EURUSD","2023-06-05 00:23:27.193Z",1.06923,1.06929
"exness","EURUSD","2023-06-05 00:23:29.919Z",1.06924,1.0693
"exness","EURUSD","2023-06-05 00:23:30.801Z",1.06926,1.06932
"exness","EURUSD","2023-06-05 00:23:41.978Z",1.06924,1.0693
"exness","EURUSD","2023-06-05 00:23:47.882Z",1.06923,1.06929
"exness","EURUSD","2023-06-05 00:23:51.396Z",1.06921,1.06928
"exness","EURUSD","2023-06-05 00:23:54.816Z",1.06923,1.06928
"exness","EURUSD","2023-06-05 00:24:08.273Z",1.06924,1.0693
"exness","EURUSD","2023-06-05 00:24:08.442Z",1.06925,1.06931
"exness","EURUSD","2023-06-05 00:24:09.068Z",1.06927,1.06933
"exness","EURUSD","2023-06-05 00:24:11.440Z",1.06929,1.06934
"exness","EURUSD","2023-06-05 00:24:19.428Z",1.06927,1.06933
"exness","EURUSD","2023-06-05 00:24:30.090Z",1.06929,1.06935
"exness","EURUSD","2023-06-05 00:24:32.072Z",1.0693,1.06935
"exness","EURUSD","2023-06-05 00:24:40.987Z",1.06931,1.06937
"exness","EURUSD","2023-06-05 00:24:41.011Z",1.06933,1.06939
"exness","EURUSD","2023-06-05 00:24:42.648Z",1.06934,1.0694
"exness","EURUSD","2023-06-05 00:24:50.086Z",1.06935,1.06941
"exness","EURUSD","2023-06-05 00:24:53.379Z",1.06934,1.0694
"exness","EURUSD","2023-06-05 00:24:57.920Z",1.06934,1.06939
"exness","EURUSD","2023-06-05 00:25:00.315Z",1.06931,1.06938
"exness","EURUSD","2023-06-05 00:25:01.320Z",1.06931,1.06936
"exness","EURUSD","2023-06-05 00:25:01.808Z",1.06932,1.06938
"exness","EURUSD","2023-06-05 00:25:03.225Z",1.06933,1.0694
"exness","EURUSD","2023-06-05 00:25:04.877Z",1.06935,1.06941
"exness","EURUSD","2023-06-05 00:25:11.686Z",1.06932,1.06939
"exness","EURUSD","2023-06-05 00:25:11.712Z",1.06931,1.06937
"exness","EURUSD","2023-06-05 00:25:13.110Z",1.06929,1.06935
"exness","EURUSD","2023-06-05 00:25:13.146Z",1.06927,1.06934
"exness","EURUSD","2023-06-05 00:25:13.971Z",1.06926,1.06932
"exness","EURUSD","2023-06-05 00:25:16.357Z",1.06924,1.0693
"exness","EURUSD","2023-06-05 00:25:16.661Z",1.06923,1.06929
"exness","EURUSD","2023-06-05 00:25:21.705Z",1.06924,1.0693
"exness","EURUSD","2023-06-05 00:25:25.989Z",1.06923,1.06929
"exness","EURUSD","2023-06-05 00:25:34.752Z",1.06921,1.06927
"exness","EURUSD","2023-06-05 00:25:35.915Z",1.06922,1.06929
"exness","EURUSD","2023-06-05 00:25:52.313Z",1.06921,1.06927
"exness","EURUSD","2023-06-05 00:25:54.985Z",1.06919,1.06926
"exness","EURUSD","2023-06-05 00:26:07.780Z",1.06917,1.06923
"exness","EURUSD","2023-06-05 00:26:07.791Z",1.06916,1.06922
"exness","EURUSD","2023-06-05 00:26:07.815Z",1.06914,1.0692
"exness","EURUSD","2023-06-05 00:26:07.838Z",1.06913,1.06919
"exness","EURUSD","2023-06-05 00:26:08.420Z",1.06914,1.06919
"exness","EURUSD","2023-06-05 00:26:09.040Z",1.06915,1.06921
"exness","EURUSD","2023-06-05 00:26:14.743Z",1.06917,1.06923
"exness","EURUSD","2023-06-05 00:26:16.573Z",1.06919,1.06924
"exness","EURUSD","2023-06-05 00:26:16.987Z",1.06919,1.06925
"exness","EURUSD","2023-06-05 00:26:24.429Z",1.0692,1.06926
"exness","EURUSD","2023-06-05 00:26:27.644Z",1.06922,1.06928
"exness","EURUSD","2023-06-05 00:26:29.368Z",1.06923,1.06929
"exness","EURUSD","2023-06-05 00:26:36.454Z",1.06924,1.0693
"exness","EURUSD","2023-06-05 00:26:39.953Z",1.06924,1.06929
"exness","EURUSD","2023-06-05 00:26:40.322Z",1.06922,1.06929
"exness","EURUSD","2023-06-05 00:26:47.971Z",1.06924,1.0693
"exness","EURUSD","2023-06-05 00:26:55.543Z",1.06923,1.06929
"exness","EURUSD","2023-06-05 00:27:00.691Z",1.06922,1.06928
"exness","EURUSD","2023-06-05 00:27:03.224Z",1.06919,1.06926
"exness","EURUSD","2023-06-05 00:27:23.356Z",1.06922,1.06928
"exness","EURUSD","2023-06-05 00:27:30.789Z",1.06923,1.0693
"exness","EURUSD","2023-06-05 00:27:50.859Z",1.06925,1.06931
"exness","EURUSD","2023-06-05 00:28:15.488Z",1.06924,1.0693
"exness","EURUSD","2023-06-05 00:28:15.511Z",1.06922,1.06928
"exness","EURUSD","2023-06-05 00:28:15.580Z",1.06921,1.06927
"exness","EURUSD","2023-06-05 00:28:15.782Z",1.0692,1.06925
"exness","EURUSD","2023-06-05 00:28:23.271Z",1.0692,1.06926
"exness","EURUSD","2023-06-05 00:28:35.300Z",1.06922,1.06928
"exness","EURUSD","2023-06-05 00:28:57.093Z",1.0692,1.06926
"exness","EURUSD","2023-06-05 00:28:59.567Z",1.06919,1.06925
"exness","EURUSD","2023-06-05 00:29:02.223Z",1.06921,1.06926
"exness","EURUSD","2023-06-05 00:29:02.655Z",1.06922,1.06928
"exness","EURUSD","2023-06-05 00:29:44.162Z",1.06923,1.06928
"exness","EURUSD","2023-06-05 00:29:45.747Z",1.06921,1.06927
"exness","EURUSD","2023-06-05 00:29:45.799Z",1.0692,1.06926
"exness","EURUSD","2023-06-05 00:29:47.570Z",1.06919,1.06924
"exness","EURUSD","2023-06-05 00:29:52.379Z",1.06917,1.06924
"exness","EURUSD","2023-06-05 00:30:00.730Z",1.06915,1.06921
"exness","EURUSD","2023-06-05 00:30:00.950Z",1.06914,1.0692
"exness","EURUSD","2023-06-05 00:30:01.006Z",1.06912,1.06918
"exness","EURUSD","2023-06-05 00:30:05.114Z",1.06913,1.06919
"exness","EURUSD","2023-06-05 00:30:05.413Z",1.06915,1.0692
"exness","EURUSD","2023-06-05 00:30:05.610Z",1.06915,1.06921
"exness","EURUSD","2023-06-05 00:30:08.703Z",1.06917,1.06923
"exness","EURUSD","2023-06-05 00:30:13.486Z",1.06917,1.06922
"exness","EURUSD","2023-06-05 00:30:16.105Z",1.06919,1.06924
"exness","EURUSD","2023-06-05 00:30:17.225Z",1.06918,1.06923
"exness","EURUSD","2023-06-05 00:30:18.407Z",1.06916,1.06922
"exness","EURUSD","2023-06-05 00:30:22.648Z",1.06918,1.06924
"exness","EURUSD","2023-06-05 00:30:23.052Z",1.06919,1.06925
"exness","EURUSD","2023-06-05 00:30:30.272Z",1.06917,1.06923
"exness","EURUSD","2023-06-05 00:30:32.675Z",1.06916,1.06921
"exness","EURUSD","2023-06-05 00:30:56.027Z",1.06917,1.06923
"exness","EURUSD","2023-06-05 00:30:56.077Z",1.06919,1.06925
"exness","EURUSD","2023-06-05 00:31:13.362Z",1.06917,1.06924
"exness","EURUSD","2023-06-05 00:31:36.354Z",1.06916,1.06922
"exness","EURUSD","2023-06-05 00:31:42.483Z",1.06915,1.06921
"exness","EURUSD","2023-06-05 00:31:42.511Z",1.06913,1.06919
"exness","EURUSD","2023-06-05 00:31:43.826Z",1.06912,1.06917
"exness","EURUSD","2023-06-05 00:31:44.901Z",1.06911,1.06917
"exness","EURUSD","2023-06-05 00:31:49.502Z",1.06912,1.06919
"exness","EURUSD","2023-06-05 00:31:49.565Z",1.06914,1.0692
"exness","EURUSD","2023-06-05 00:31:49.774Z",1.06915,1.0692
"exness","EURUSD","2023-06-05 00:31:52.431Z",1.06913,1.06919
"exness","EURUSD","2023-06-05 00:32:01.698Z",1.06911,1.06918
"exness","EURUSD","2023-06-05 00:32:09.646Z",1.06909,1.06915
"exness","EURUSD","2023-06-05 00:32:21.291Z",1.06908,1.06914
"exness","EURUSD","2023-06-05 00:32:21.318Z",1.06906,1.06912
"exness","EURUSD","2023-06-05 00:32:21.386Z",1.06905,1.06911
"exness","EURUSD","2023-06-05 00:32:21.414Z",1.06903,1.06909
"exness","EURUSD","2023-06-05 00:32:21.784Z",1.06901,1.06908
"exness","EURUSD","2023-06-05 00:32:23.152Z",1.06903,1.06909
"exness","EURUSD","2023-06-05 00:32:25.788Z",1.06902,1.06908
"exness","EURUSD","2023-06-05 00:32:26.660Z",1.06903,1.06909
"exness","EURUSD","2023-06-05 00:32:26.683Z",1.06905,1.06911
"exness","EURUSD","2023-06-05 00:32:26.986Z",1.06906,1.06911
"exness","EURUSD","2023-06-05 00:32:28.003Z",1.06904,1.06911
"exness","EURUSD","2023-06-05 00:32:28.043Z",1.06903,1.06909
"exness","EURUSD","2023-06-05 00:32:28.095Z",1.06901,1.06908
"exness","EURUSD","2023-06-05 00:32:34.685Z",1.06903,1.0691
"exness","EURUSD","2023-06-05 00:32:35.067Z",1.06905,1.06911
"exness","EURUSD","2023-06-05 00:32:41.582Z",1.06906,1.06913
"exness","EURUSD","2023-06-05 00:32:41.708Z",1.06908,1.06914
"exness","EURUSD","2023-06-05 00:32:45.400Z",1.06909,1.06916
"exness","EURUSD","2023-06-05 00:32:48.679Z",1.06911,1.06916
"exness","EURUSD","2023-06-05 00:32:53.149Z",1.06911,1.06917
"exness","EURUSD","2023-06-05 00:32:53.741Z",1.06913,1.06919
"exness","EURUSD","2023-06-05 00:32:53.789Z",1.06914,1.0692
"exness","EURUSD","2023-06-05 00:32:54.533Z",1.06916,1.06921
"exness","EURUSD","2023-06-05 00:32:54.644Z",1.06916,1.06923
"exness","EURUSD","2023-06-05 00:32:54.735Z",1.06918,1.06924
"exness","EURUSD","2023-06-05 00:32:57.067Z",1.0692,1.06925
"exness","EURUSD","2023-06-05 00:33:00.049Z",1.0692,1.06927
"exness","EURUSD","2023-06-05 00:33:25.787Z",1.06919,1.06925
"exness","EURUSD","2023-06-05 00:33:25.815Z",1.06917,1.06923
"exness","EURUSD","2023-06-05 00:33:25.907Z",1.06916,1.06922
"exness","EURUSD","2023-06-05 00:33:25.967Z",1.06914,1.0692
"exness","EURUSD","2023-06-05 00:33:25.976Z",1.06912,1.06919
"exness","EURUSD","2023-06-05 00:33:34.299Z",1.06911,1.06917
"exness","EURUSD","2023-06-05 00:33:36.540Z",1.06909,1.06915
"exness","EURUSD","2023-06-05 00:33:45.513Z",1.0691,1.06917
"exness","EURUSD","2023-06-05 00:33:47.602Z",1.06912,1.06917
"exness","EURUSD","2023-06-05 00:33:49.726Z",1.06912,1.06919
"exness","EURUSD","2023-06-05 00:33:58.194Z",1.06911,1.06918
"exness","EURUSD","2023-06-05 00:34:01.748Z",1.06911,1.06916
"exness","EURUSD","2023-06-05 00:34:22.092Z",1.06909,1.06915
"exness","EURUSD","2023-06-05 00:34:31.033Z",1.0691,1.06916
"exness","EURUSD","2023-06-05 00:34:39.613Z",1.06911,1.06918
"exness","EURUSD","2023-06-05 00:35:15.331Z",1.06909,1.06915
"exness","EURUSD","2023-06-05 00:35:16.092Z",1.06909,1.06914
"exness","EURUSD","2023-06-05 00:35:16.119Z",1.06909,1.06916
"exness","EURUSD","2023-06-05 00:35:16.395Z",1.06909,1.06914
"exness","EURUSD","2023-06-05 00:35:19.955Z",1.06909,1.06916
"exness","EURUSD","2023-06-05 00:35:24.422Z",1.06911,1.06917
"exness","EURUSD","2023-06-05 00:35:30.301Z",1.06913,1.06918
"exness","EURUSD","2023-06-05 00:35:31.538Z",1.06911,1.06918
"exness","EURUSD","2023-06-05 00:35:38.972Z",1.06912,1.06917
"exness","EURUSD","2023-06-05 00:35:44.031Z",1.0691,1.06917
"exness","EURUSD","2023-06-05 00:35:50.646Z",1.06912,1.06918
"exness","EURUSD","2023-06-05 00:35:56.779Z",1.06911,1.06916
"exness","EURUSD","2023-06-05 00:36:02.770Z",1.06912,1.06918
"exness","EURUSD","2023-06-05 00:36:05.267Z",1.06914,1.06919
"exness","EURUSD","2023-06-05 00:36:29.429Z",1.06914,1.0692
"exness","EURUSD","2023-06-05 00:36:30.645Z",1.06914,1.06919
"exness","EURUSD","2023-06-05 00:36:48.191Z",1.06912,1.06918
"exness","EURUSD","2023-06-05 00:36:50.664Z",1.06913,1.06918
"exness","EURUSD","2023-06-05 00:36:54.109Z",1.06914,1.0692
"exness","EURUSD","2023-06-05 00:36:59.621Z",1.06916,1.06922
"exness","EURUSD","2023-06-05 00:37:07.871Z",1.06917,1.06923
"exness","EURUSD","2023-06-05 00:37:09.774Z",1.06919,1.06926
"exness","EURUSD","2023-06-05 00:37:10.016Z",1.06921,1.06926
"exness","EURUSD","2023-06-05 00:37:12.662Z",1.06922,1.06928
"exness","EURUSD","2023-06-05 00:37:12.688Z",1.06923,1.06929
"exness","EURUSD","2023-06-05 00:37:12.715Z",1.06925,1.06931
"exness","EURUSD","2023-06-05 00:37:12.852Z",1.06926,1.06932
"exness","EURUSD","2023-06-05 00:37:12.869Z",1.06928,1.06934
"exness","EURUSD","2023-06-05 00:37:12.968Z",1.06929,1.06935
"exness","EURUSD","2023-06-05 00:37:13.405Z",1.06927,1.06934
"exness","EURUSD","2023-06-05 00:37:18.036Z",1.06927,1.06932
"exness","EURUSD","2023-06-05 00:37:26.820Z",1.06924,1.06931
"exness","EURUSD","2023-06-05 00:37:26.846Z",1.06923,1.06929
"exness","EURUSD","2023-06-05 00:37:26.886Z",1.06921,1.06928
"exness","EURUSD","2023-06-05 00:37:26.942Z",1.0692,1.06926
"exness","EURUSD","2023-06-05 00:37:27.202Z",1.06918,1.06924
"exness","EURUSD","2023-06-05 00:37:27.253Z",1.06917,1.06923
"exness","EURUSD","2023-06-05 00:37:29.983Z",1.06917,1.06922
"exness","EURUSD","2023-06-05 00:37:40.530Z",1.06915,1.06921
"exness","EURUSD","2023-06-05 00:37:49.727Z",1.06916,1.06922
"exness","EURUSD","2023-06-05 00:37:50.185Z",1.06918,1.06924
"exness","EURUSD","2023-06-05 00:37:54.520Z",1.06916,1.06922
"exness","EURUSD","2023-06-05 00:38:03.175Z",1.06913,1.0692
"exness","EURUSD","2023-06-05 00:38:10.439Z",1.06915,1.06921
"exness","EURUSD","2023-06-05 00:38:44.863Z",1.06916,1.06921
"exness","EURUSD","2023-06-05 00:39:04.072Z",1.06917,1.06923
"exness","EURUSD","2023-06-05 00:39:06.991Z",1.06918,1.06924
"exness","EURUSD","2023-06-05 00:39:07.424Z",1.0692,1.06925
"exness","EURUSD","2023-06-05 00:39:12.525Z",1.0692,1.06926
"exness","EURUSD","2023-06-05 00:39:13.551Z",1.06921,1.06927
"exness","EURUSD","2023-06-05 00:39:24.218Z",1.06924,1.0693
"exness","EURUSD","2023-06-05 00:39:29.168Z",1.06923,1.06929
"exness","EURUSD","2023-06-05 00:39:35.663Z",1.06921,1.06927
"exness","EURUSD","2023-06-05 00:39:40.029Z",1.0692,1.06926
"exness","EURUSD","2023-06-05 00:39:49.470Z",1.06921,1.06926
"exness","EURUSD","2023-06-05 00:39:54.337Z",1.0692,1.06926
"exness","EURUSD","2023-06-05 00:39:56.844Z",1.06918,1.06924
"exness","EURUSD","2023-06-05 00:39:56.952Z",1.06916,1.06923
"exness","EURUSD","2023-06-05 00:40:00.073Z",1.06916,1.06921
"exness","EURUSD","2023-06-05 00:40:03.675Z",1.06917,1.06923
"exness","EURUSD","2023-06-05 00:40:04.720Z",1.06918,1.06925
"exness","EURUSD","2023-06-05 00:40:07.279Z",1.06918,1.06923
"exness","EURUSD","2023-06-05 00:40:09.394Z",1.06917,1.06923
"exness","EURUSD","2023-06-05 00:40:11.957Z",1.06917,1.06922
"exness","EURUSD","2023-06-05 00:40:18.145Z",1.06916,1.06923
"exness","EURUSD","2023-06-05 00:40:23.750Z",1.06916,1.06921
"exness","EURUSD","2023-06-05 00:40:29.369Z",1.06915,1.06921
"exness","EURUSD","2023-06-05 00:40:37.494Z",1.06917,1.06922
"exness","EURUSD","2023-06-05 00:40:40.924Z",1.06916,1.06922
"exness","EURUSD","2023-06-05 00:40:48.701Z",1.06917,1.06922
"exness","EURUSD","2023-06-05 00:41:04.518Z",1.06917,1.06923
"exness","EURUSD","2023-06-05 00:41:06.649Z",1.06919,1.06925
"exness","EURUSD","2023-06-05 00:41:23.482Z",1.0692,1.06925
"exness","EURUSD","2023-06-05 00:41:24.942Z",1.06921,1.06928
"exness","EURUSD","2023-06-05 00:41:24.966Z",1.06923,1.06929
"exness","EURUSD","2023-06-05 00:41:24.987Z",1.06925,1.06931
"exness","EURUSD","2023-06-05 00:41:25.377Z",1.06926,1.06931
"exness","EURUSD","2023-06-05 00:41:33.767Z",1.06927,1.06933
"exness","EURUSD","2023-06-05 00:41:33.847Z",1.06929,1.06935
"exness","EURUSD","2023-06-05 00:41:36.565Z",1.0693,1.06935
"exness","EURUSD","2023-06-05 00:41:43.862Z",1.06928,1.06934
"exness","EURUSD","2023-06-05 00:41:58.045Z",1.06927,1.06933
"exness","EURUSD","2023-06-05 00:41:58.117Z",1.06925,1.06932
"exness","EURUSD","2023-06-05 00:41:58.199Z",1.06925,1.0693
"exness","EURUSD","2023-06-05 00:41:59.560Z",1.06925,1.06931
"exness","EURUSD","2023-06-05 00:42:03.736Z",1.06923,1.06929
"exness","EURUSD","2023-06-05 00:42:07.108Z",1.06923,1.06928
"exness","EURUSD","2023-06-05 00:42:13.625Z",1.06924,1.0693
"exness","EURUSD","2023-06-05 00:42:15.127Z",1.06924,1.06929
"exness","EURUSD","2023-06-05 00:42:22.522Z",1.06922,1.06928
"exness","EURUSD","2023-06-05 00:42:23.986Z",1.06922,1.06927
"exness","EURUSD","2023-06-05 00:42:31.665Z",1.0692,1.06926
"exness","EURUSD","2023-06-05 00:42:31.743Z",1.06918,1.06925
"exness","EURUSD","2023-06-05 00:42:33.569Z",1.0692,1.06925
"exness","EURUSD","2023-06-05 00:42:37.094Z",1.0692,1.06926
"exness","EURUSD","2023-06-05 00:42:46.029Z",1.06919,1.06924
"exness","EURUSD","2023-06-05 00:42:46.060Z",1.06917,1.06923
"exness","EURUSD","2023-06-05 00:42:47.257Z",1.06916,1.06922
"exness","EURUSD","2023-06-05 00:42:49.991Z",1.06917,1.06922
"exness","EURUSD","2023-06-05 00:42:50.720Z",1.06918,1.06924
"exness","EURUSD","2023-06-05 00:42:57.670Z",1.06919,1.06924
"exness","EURUSD","2023-06-05 00:43:01.963Z",1.0692,1.06926
"exness","EURUSD","2023-06-05 00:43:03.239Z",1.06921,1.06927
"exness","EURUSD","2023-06-05 00:43:08.501Z",1.06922,1.06928
"exness","EURUSD","2023-06-05 00:43:08.516Z",1.06924,1.0693
"exness","EURUSD","2023-06-05 00:43:10.973Z",1.06925,1.06931
"exness","EURUSD","2023-06-05 00:43:14.908Z",1.06924,1.0693
"exness","EURUSD","2023-06-05 00:43:15.451Z",1.06923,1.06928
"exness","EURUSD","2023-06-05 00:43:15.591Z",1.06922,1.06928
"exness","EURUSD","2023-06-05 00:43:18.005Z",1.06923,1.06929
"exness","EURUSD","2023-06-05 00:43:26.089Z",1.06925,1.06931
"exness","EURUSD","2023-06-05 00:43:28.034Z",1.06927,1.06933
"exness","EURUSD","2023-06-05 00:43:28.059Z",1.06929,1.06935
"exness","EURUSD","2023-06-05 00:43:29.002Z",1.0693,1.06937
"exness","EURUSD","2023-06-05 00:43:29.638Z",1.06932,1.06937
"exness","EURUSD","2023-06-05 00:43:38.326Z",1.0693,1.06936
"exness","EURUSD","2023-06-05 00:43:47.490Z",1.06932,1.06939
"exness","EURUSD","2023-06-05 00:43:57.275Z",1.06931,1.06937
"exness","EURUSD","2023-06-05 00:44:00.353Z",1.06932,1.06939
"exness","EURUSD","2023-06-05 00:44:07.526Z",1.0693,1.06936
"exness","EURUSD","2023-06-05 00:44:07.555Z",1.06929,1.06935
"exness","EURUSD","2023-06-05 00:44:07.610Z",1.06928,1.06933
"exness","EURUSD","2023-06-05 00:44:08.122Z",1.06929,1.06935
"exness","EURUSD","2023-06-05 00:44:10.445Z",1.0693,1.06937
"exness","EURUSD","2023-06-05 00:44:17.991Z",1.06932,1.06939
"exness","EURUSD","2023-06-05 00:44:21.092Z",1.06933,1.06938
"exness","EURUSD","2023-06-05 00:44:21.190Z",1.06932,1.06938
"exness","EURUSD","2023-06-05 00:44:21.316Z",1.06931,1.06936
"exness","EURUSD","2023-06-05 00:44:21.347Z",1.06929,1.06936
"exness","EURUSD","2023-06-05 00:44:25.257Z",1.06929,1.06934
"exness","EURUSD","2023-06-05 00:44:29.258Z",1.06929,1.06936
"exness","EURUSD","2023-06-05 00:44:29.843Z",1.06929,1.06934
"exness","EURUSD","2023-06-05 00:44:34.266Z",1.06929,1.06936
"exness","EURUSD","2023-06-05 00:44:37.359Z",1.0693,1.06937
"exness","EURUSD","2023-06-05 00:44:48.710Z",1.06929,1.06936
"exness","EURUSD","2023-06-05 00:44:48.898Z",1.06929,1.06934
"exness","EURUSD","2023-06-05 00:44:52.829Z",1.0693,1.06936
"exness","EURUSD","2023-06-05 00:44:53.121Z",1.06932,1.06937
"exness","EURUSD","2023-06-05 00:44:53.237Z",1.06933,1.06939
"exness","EURUSD","2023-06-05 00:44:53.304Z",1.06934,1.0694
"exness","EURUSD","2023-06-05 00:44:55.051Z",1.06933,1.06939
"exness","EURUSD","2023-06-05 00:44:56.319Z",1.06931,1.06938
"exness","EURUSD","2023-06-05 00:45:18.279Z",1.06931,1.06936
"exness","EURUSD","2023-06-05 00:45:22.894Z",1.06931,1.06937
"exness","EURUSD","2023-06-05 00:45:24.002Z",1.0693,1.06936
"exness","EURUSD","2023-06-05 00:45:25.207Z",1.06929,1.06934
"exness","EURUSD","2023-06-05 00:45:44.724Z",1.06929,1.06935
"exness","EURUSD","2023-06-05 00:45:51.226Z",1.0693,1.06937
"exness","EURUSD","2023-06-05 00:45:51.341Z",1.06932,1.06938
"exness","EURUSD","2023-06-05 00:45:51.574Z",1.06934,1.06939
"exness","EURUSD","2023-06-05 00:45:53.096Z",1.06932,1.06938
"exness","EURUSD","2023-06-05 00:45:55.496Z",1.06932,1.06937
"exness","EURUSD","2023-06-05 00:45:57.899Z",1.06932,1.06939
"exness","EURUSD","2023-06-05 00:46:01.535Z",1.06934,1.06939
"exness","EURUSD","2023-06-05 00:46:01.627Z",1.06932,1.06939
"exness","EURUSD","2023-06-05 00:46:01.954Z",1.06932,1.06937
"exness","EURUSD","2023-06-05 00:46:02.308Z",1.06933,1.06939
"exness","EURUSD","2023-06-05 00:46:03.198Z",1.06934,1.06939
"exness","EURUSD","2023-06-05 00:46:03.208Z",1.06933,1.06939
"exness","EURUSD","2023-06-05 00:46:07.374Z",1.06931,1.06938
"exness","EURUSD","2023-06-05 00:46:15.347Z",1.06932,1.06939
"exness","EURUSD","2023-06-05 00:46:34.489Z",1.06934,1.06939
"exness","EURUSD","2023-06-05 00:46:44.094Z",1.06933,1.06939
"exness","EURUSD","2023-06-05 00:46:56.663Z",1.06932,1.06938
"exness","EURUSD","2023-06-05 00:46:56.938Z",1.06934,1.06939
"exness","EURUSD","2023-06-05 00:46:57.770Z",1.06932,1.06938
"exness","EURUSD","2023-06-05 00:47:01.202Z",1.06934,1.06939
"exness","EURUSD","2023-06-05 00:47:02.643Z",1.06932,1.06939
"exness","EURUSD","2023-06-05 00:47:07.117Z",1.06932,1.06937
"exness","EURUSD","2023-06-05 00:47:27.301Z",1.06933,1.06939
"exness","EURUSD","2023-06-05 00:47:27.326Z",1.06934,1.06941
"exness","EURUSD","2023-06-05 00:47:27.479Z",1.06936,1.06942
"exness","EURUSD","2023-06-05 00:47:27.546Z",1.06938,1.06943
"exness","EURUSD","2023-06-05 00:47:27.558Z",1.06938,1.06944
"exness","EURUSD","2023-06-05 00:47:27.626Z",1.0694,1.06945
"exness","EURUSD","2023-06-05 00:47:27.653Z",1.0694,1.06947
"exness","EURUSD","2023-06-05 00:47:30.356Z",1.06939,1.06946
"exness","EURUSD","2023-06-05 00:47:31.455Z",1.06938,1.06944
"exness","EURUSD","2023-06-05 00:47:43.875Z",1.06936,1.06943
"exness","EURUSD","2023-06-05 00:47:43.906Z",1.06935,1.06941
"exness","EURUSD","2023-06-05 00:47:44.210Z",1.06937,1.06943
"exness","EURUSD","2023-06-05 00:47:44.341Z",1.06938,1.06943
"exness","EURUSD","2023-06-05 00:47:56.263Z",1.06938,1.06945
"exness","EURUSD","2023-06-05 00:47:59.517Z",1.0694,1.06946
"exness","EURUSD","2023-06-05 00:48:03.307Z",1.06941,1.06946
"exness","EURUSD","2023-06-05 00:48:23.435Z",1.06942,1.06948
"exness","EURUSD","2023-06-05 00:48:23.518Z",1.06943,1.06949
"exness","EURUSD","2023-06-05 00:48:23.604Z",1.06942,1.06948
"exness","EURUSD","2023-06-05 00:48:23.632Z",1.0694,1.06946
"exness","EURUSD","2023-06-05 00:48:23.649Z",1.0694,1.06945
"exness","EURUSD","2023-06-05 00:48:23.658Z",1.06938,1.06944
"exness","EURUSD","2023-06-05 00:48:23.676Z",1.06936,1.06942
"exness","EURUSD","2023-06-05 00:48:23.861Z",1.06936,1.06941
"exness","EURUSD","2023-06-05 00:48:23.944Z",1.06936,1.06943
"exness","EURUSD","2023-06-05 00:48:23.989Z",1.06938,1.06943
"exness","EURUSD","2023-06-05 00:48:25.011Z",1.06938,1.06944
"exness","EURUSD","2023-06-05 00:48:30.030Z",1.06936,1.06942
"exness","EURUSD","2023-06-05 00:48:30.080Z",1.06937,1.06942
"exness","EURUSD","2023-06-05 00:48:30.135Z",1.06938,1.06944
"exness","EURUSD","2023-06-05 00:48:30.240Z",1.06937,1.06942
"exness","EURUSD","2023-06-05 00:48:31.754Z",1.06937,1.06943
"exness","EURUSD","2023-06-05 00:48:31.839Z",1.06939,1.06945
"exness","EURUSD","2023-06-05 00:48:34.594Z",1.0694,1.06945
"exness","EURUSD","2023-06-05 00:48:36.045Z",1.0694,1.06946
"exness","EURUSD","2023-06-05 00:48:40.336Z",1.0694,1.06945
"exness","EURUSD","2023-06-05 00:48:44.117Z",1.0694,1.06946
"exness","EURUSD","2023-06-05 00:48:47.780Z",1.0694,1.06945
"exness","EURUSD","2023-06-05 00:48:54.009Z",1.06938,1.06945
"exness","EURUSD","2023-06-05 00:48:54.038Z",1.06937,1.06943
"exness","EURUSD","2023-06-05 00:48:54.287Z",1.06936,1.06941
"exness","EURUSD","2023-06-05 00:48:54.314Z",1.06937,1.06943
"exness","EURUSD","2023-06-05 00:48:54.421Z",1.06938,1.06945
"exness","EURUSD","2023-06-05 00:48:55.501Z",1.06937,1.06943
"exness","EURUSD","2023-06-05 00:48:57.996Z",1.06935,1.06941
"exness","EURUSD","2023-06-05 00:48:58.091Z",1.06937,1.06943
"exness","EURUSD","2023-06-05 00:49:02.214Z",1.06935,1.06942
"exness","EURUSD","2023-06-05 00:49:02.704Z",1.06937,1.06943
"exness","EURUSD","2023-06-05 00:49:30.090Z",1.06939,1.06945
"exness","EURUSD","2023-06-05 00:49:30.835Z",1.0694,1.06946
"exness","EURUSD","2023-06-05 00:50:02.392Z",1.0694,1.06945
"exness","EURUSD","2023-06-05 00:50:02.407Z",1.06938,1.06945
"exness","EURUSD","2023-06-05 00:50:02.475Z",1.06937,1.06943
"exness","EURUSD","2023-06-05 00:50:03.017Z",1.06938,1.06945
"exness","EURUSD","2023-06-05 00:50:03.096Z",1.0694,1.06946
"exness","EURUSD","2023-06-05 00:50:05.249Z",1.06941,1.06946
"exness","EURUSD","2023-06-05 00:50:05.736Z",1.06941,1.06948
"exness","EURUSD","2023-06-05 00:50:05.888Z",1.06943,1.06949
"exness","EURUSD","2023-06-05 00:50:06.242Z",1.06942,1.06947
"exness","EURUSD","2023-06-05 00:50:08.357Z",1.06943,1.06949
"exness","EURUSD","2023-06-05 00:50:09.507Z",1.06944,1.0695000000000001
"exness","EURUSD","2023-06-05 00:50:09.755Z",1.06946,1.06952
"exness","EURUSD","2023-06-05 00:50:09.774Z",1.06947,1.06953
"exness","EURUSD","2023-06-05 00:50:09.916Z",1.06949,1.06955
"exness","EURUSD","2023-06-05 00:50:10.085Z",1.0695000000000001,1.06957
"exness","EURUSD","2023-06-05 00:50:10.467Z",1.06952,1.06957
"exness","EURUSD","2023-06-05 00:50:11.755Z",1.0695000000000001,1.06956
"exness","EURUSD","2023-06-05 00:50:14.927Z",1.06952,1.06958
"exness","EURUSD","2023-06-05 00:50:19.437Z",1.0695000000000001,1.06957
"exness","EURUSD","2023-06-05 00:50:22.011Z",1.06952,1.06958
"exness","EURUSD","2023-06-05 00:50:22.728Z",1.06953,1.06958
"exness","EURUSD","2023-06-05 00:50:22.733Z",1.06954,1.0695999999999999
"exness","EURUSD","2023-06-05 00:50:22.749Z",1.06955,1.06961
"exness","EURUSD","2023-06-05 00:50:22.789Z",1.06954,1.0695999999999999
"exness","EURUSD","2023-06-05 00:50:23.194Z",1.06952,1.06958
"exness","EURUSD","2023-06-05 00:50:24.242Z",1.06951,1.06957
"exness","EURUSD","2023-06-05 00:50:24.564Z",1.0695000000000001,1.06955
"exness","EURUSD","2023-06-05 00:50:25.929Z",1.06951,1.06958
"exness","EURUSD","2023-06-05 00:50:26.008Z",1.06953,1.06959
"exness","EURUSD","2023-06-05 00:50:28.122Z",1.06952,1.06958
"exness","EURUSD","2023-06-05 00:50:39.351Z",1.06953,1.06959
"exness","EURUSD","2023-06-05 00:50:42.922Z",1.06953,1.06958
"exness","EURUSD","2023-06-05 00:50:42.941Z",1.06954,1.0695999999999999
"exness","EURUSD","2023-06-05 00:50:46.994Z",1.06952,1.06959
"exness","EURUSD","2023-06-05 00:50:47.751Z",1.06954,1.06959
"exness","EURUSD","2023-06-05 00:50:49.411Z",1.06952,1.06959
"exness","EURUSD","2023-06-05 00:50:52.099Z",1.06951,1.06958
"exness","EURUSD","2023-06-05 00:50:57.342Z",1.0695000000000001,1.06955
"exness","EURUSD","2023-06-05 00:50:58.922Z",1.0695000000000001,1.06957
"exness","EURUSD","2023-06-05 00:51:07.786Z",1.06949,1.06955
"exness","EURUSD","2023-06-05 00:51:07.820Z",1.06947,1.06953
"exness","EURUSD","2023-06-05 00:51:08.151Z",1.06945,1.06952
"exness","EURUSD","2023-06-05 00:51:12.075Z",1.06943,1.06949
"exness","EURUSD","2023-06-05 00:51:17.546Z",1.06944,1.06951
"exness","EURUSD","2023-06-05 00:51:21.933Z",1.06943,1.0695000000000001
"exness","EURUSD","2023-06-05 00:51:22.229Z",1.06942,1.06948
"exness","EURUSD","2023-06-05 00:51:22.400Z",1.06942,1.06947
"exness","EURUSD","2023-06-05 00:51:23.438Z",1.06941,1.06946
"exness","EURUSD","2023-06-05 00:51:27.760Z",1.06938,1.06945
"exness","EURUSD","2023-06-05 00:51:27.782Z",1.06937,1.06943
"exness","EURUSD","2023-06-05 00:51:27.926Z",1.06938,1.06945
"exness","EURUSD","2023-06-05 00:51:31.005Z",1.0694,1.06945
"exness","EURUSD","2023-06-05 00:51:32.920Z",1.0694,1.06946
"exness","EURUSD","2023-06-05 00:51:40.584Z",1.06938,1.06944
"exness","EURUSD","2023-06-05 00:51:41.015Z",1.06936,1.06943
"exness","EURUSD","2023-06-05 00:52:00.714Z",1.06938,1.06944
"exness","EURUSD","2023-06-05 00:52:00.728Z",1.06939,1.06946
"exness","EURUSD","2023-06-05 00:52:00.978Z",1.06941,1.06947
"exness","EURUSD","2023-06-05 00:52:14.328Z",1.06943,1.06949
"exness","EURUSD","2023-06-05 00:52:14.472Z",1.06944,1.0695000000000001
"exness","EURUSD","2023-06-05 00:52:30.269Z",1.06945,1.06951
"exness","EURUSD","2023-06-05 00:52:30.867Z",1.06944,1.0695000000000001
"exness","EURUSD","2023-06-05 00:52:45.564Z",1.06945,1.06951
"exness","EURUSD","2023-06-05 00:52:46.606Z",1.06943,1.0695000000000001
"exness","EURUSD","2023-06-05 00:52:46.777Z",1.06942,1.06948
"exness","EURUSD","2023-06-05 00:52:50.584Z",1.06942,1.06947
"exness","EURUSD","2023-06-05 00:52:50.765Z",1.0694,1.06946
"exness","EURUSD","2023-06-05 00:52:53.913Z",1.06941,1.06948
"exness","EURUSD","2023-06-05 00:52:54.083Z",1.06943,1.06949
"exness","EURUSD","2023-06-05 00:52:55.283Z",1.06944,1.0695000000000001
"exness","EURUSD","2023-06-05 00:52:56.902Z",1.06945,1.06951
"exness","EURUSD","2023-06-05 00:53:05.848Z",1.06947,1.06953
"exness","EURUSD","2023-06-05 00:53:05.873Z",1.06948,1.06955
"exness","EURUSD","2023-06-05 00:53:07.870Z",1.06947,1.06953
"exness","EURUSD","2023-06-05 00:53:08.806Z",1.06946,1.06952
"exness","EURUSD","2023-06-05 00:53:10.119Z",1.06946,1.06951
"exness","EURUSD","2023-06-05 00:53:12.623Z",1.06947,1.06953
"exness","EURUSD","2023-06-05 00:53:31.625Z",1.06946,1.06952
"exness","EURUSD","2023-06-05 00:53:31.664Z",1.06944,1.0695000000000001
"exness","EURUSD","2023-06-05 00:53:35.497Z",1.06945,1.06951
"exness","EURUSD","2023-06-05 00:53:44.071Z",1.06944,1.0695000000000001
"exness","EURUSD","2023-06-05 00:53:44.317Z",1.06942,1.06948
"exness","EURUSD","2023-06-05 00:53:44.622Z",1.06942,1.06947
"exness","EURUSD","2023-06-05 00:53:44.636Z",1.0694,1.06946
"exness","EURUSD","2023-06-05 00:53:48.276Z",1.0694,1.06945
"exness","EURUSD","2023-06-05 00:53:54.246Z",1.0694,1.06946
"exness","EURUSD","2023-06-05 00:53:54.555Z",1.06938,1.06945
"exness","EURUSD","2023-06-05 00:53:55.150Z",1.06937,1.06943
"exness","EURUSD","2023-06-05 00:54:12.297Z",1.06939,1.06945
"exness","EURUSD","2023-06-05 00:54:12.494Z",1.0694,1.06945
"exness","EURUSD","2023-06-05 00:54:12.547Z",1.06939,1.06945
"exness","EURUSD","2023-06-05 00:54:13.159Z",1.0694,1.06946
"exness","EURUSD","2023-06-05 00:54:16.932Z",1.06942,1.06948
"exness","EURUSD","2023-06-05 00:54:17.040Z",1.06943,1.0695000000000001
"exness","EURUSD","2023-06-05 00:54:18.213Z",1.06945,1.0695000000000001
"exness","EURUSD","2023-06-05 00:54:23.750Z",1.06945,1.06951
"exness","EURUSD","2023-06-05 00:54:26.042Z",1.06945,1.0695000000000001
"exness","EURUSD","2023-06-05 00:54:27.087Z",1.06943,1.0695000000000001
"exness","EURUSD","2023-06-05 00:54:27.660Z",1.06945,1.0695000000000001
"exness","EURUSD","2023-06-05 00:54:35.847Z",1.06943,1.06949
"exness","EURUSD","2023-06-05 00:54:38.394Z",1.06942,1.06948
"exness","EURUSD","2023-06-05 00:54:38.482Z",1.0694,1.06947
"exness","EURUSD","2023-06-05 00:54:43.423Z",1.06939,1.06945
"exness","EURUSD","2023-06-05 00:54:43.741Z",1.06937,1.06944
"exness","EURUSD","2023-06-05 00:54:45.848Z",1.06937,1.06942
"exness","EURUSD","2023-06-05 00:54:48.036Z",1.06937,1.06943
"exness","EURUSD","2023-06-05 00:55:00.204Z",1.06939,1.06945
"exness","EURUSD","2023-06-05 00:55:00.213Z",1.06941,1.06947
"exness","EURUSD","2023-06-05 00:55:00.233Z",1.06942,1.06949
"exness","EURUSD","2023-06-05 00:55:00.320Z",1.0694,1.06947
"exness","EURUSD","2023-06-05 00:55:00.349Z",1.06939,1.06945
"exness","EURUSD","2023-06-05 00:55:00.355Z",1.06937,1.06944
"exness","EURUSD","2023-06-05 00:55:05.100Z",1.06936,1.06942
"exness","EURUSD","2023-06-05 00:55:05.937Z",1.06937,1.06943
"exness","EURUSD","2023-06-05 00:55:05.974Z",1.06939,1.06945
"exness","EURUSD","2023-06-05 00:55:06.067Z",1.0694,1.06945
"exness","EURUSD","2023-06-05 00:55:09.178Z",1.0694,1.06947
"exness","EURUSD","2023-06-05 00:55:22.946Z",1.06943,1.06949
"exness","EURUSD","2023-06-05 00:55:23.959Z",1.06944,1.06949
"exness","EURUSD","2023-06-05 00:55:25.146Z",1.06942,1.06948
"exness","EURUSD","2023-06-05 00:55:37.225Z",1.0694,1.06946
"exness","EURUSD","2023-06-05 00:55:39.566Z",1.06939,1.06944
"exness","EURUSD","2023-06-05 00:55:40.340Z",1.06938,1.06944
"exness","EURUSD","2023-06-05 00:55:40.624Z",1.06936,1.06942
"exness","EURUSD","2023-06-05 00:55:43.787Z",1.06934,1.0694
"exness","EURUSD","2023-06-05 00:55:45.595Z",1.06934,1.06939
"exness","EURUSD","2023-06-05 00:55:56.823Z",1.06932,1.06938
"exness","EURUSD","2023-06-05 00:55:57.026Z",1.0693,1.06937
"exness","EURUSD","2023-06-05 00:55:57.175Z",1.06929,1.06935
"exness","EURUSD","2023-06-05 00:55:58.569Z",1.0693,1.06935
"exness","EURUSD","2023-06-05 00:56:03.057Z",1.0693,1.06937
"exness","EURUSD","2023-06-05 00:56:38.551Z",1.06929,1.06936
"exness","EURUSD","2023-06-05 00:56:42.446Z",1.06931,1.06936
"exness","EURUSD","2023-06-05 00:56:43.546Z",1.06931,1.06937
"exness","EURUSD","2023-06-05 00:56:59.019Z",1.06934,1.0694
"exness","EURUSD","2023-06-05 00:57:00.322Z",1.06933,1.06938
"exness","EURUSD","2023-06-05 00:57:09.528Z",1.06931,1.06937
"exness","EURUSD","2023-06-05 00:57:12.490Z",1.06931,1.06936
"exness","EURUSD","2023-06-05 00:57:16.629Z",1.06928,1.06935
"exness","EURUSD","2023-06-05 00:57:19.298Z",1.06927,1.06933
"exness","EURUSD","2023-06-05 00:57:23.048Z",1.06927,1.06932
"exness","EURUSD","2023-06-05 00:57:33.578Z",1.06928,1.06934
"exness","EURUSD","2023-06-05 00:57:34.393Z",1.06929,1.06935
"exness","EURUSD","2023-06-05 00:57:35.328Z",1.06929,1.06934
"exness","EURUSD","2023-06-05 00:57:40.287Z",1.06927,1.06934
"exness","EURUSD","2023-06-05 00:57:44.983Z",1.06925,1.06931
"exness","EURUSD","2023-06-05 00:57:45.961Z",1.06927,1.06932
"exness","EURUSD","2023-06-05 00:57:46.239Z",1.06927,1.06934
"exness","EURUSD","2023-06-05 00:57:57.512Z",1.06928,1.06935
"exness","EURUSD","2023-06-05 00:57:58.576Z",1.06926,1.06933
"exness","EURUSD","2023-06-05 00:57:59.388Z",1.06928,1.06934
"exness","EURUSD","2023-06-05 00:58:00.264Z",1.06929,1.06934
"exness","EURUSD","2023-06-05 00:58:03.093Z",1.0693,1.06936
"exness","EURUSD","2023-06-05 00:58:04.162Z",1.06931,1.06936
"exness","EURUSD","2023-06-05 00:58:17.041Z",1.06931,1.06937
"exness","EURUSD","2023-06-05 00:58:20.871Z",1.06932,1.06937
"exness","EURUSD","2023-06-05 00:58:21.341Z",1.06933,1.06939
"exness","EURUSD","2023-06-05 00:58:25.735Z",1.06934,1.06939
"exness","EURUSD","2023-06-05 00:58:26.585Z",1.06932,1.06939
"exness","EURUSD","2023-06-05 00:58:32.831Z",1.06931,1.06938
"exness","EURUSD","2023-06-05 00:58:37.730Z",1.06931,1.06936
"exness","EURUSD","2023-06-05 00:58:43.567Z",1.06931,1.06938
"exness","EURUSD","2023-06-05 00:59:01.403Z",1.06933,1.06939
"exness","EURUSD","2023-06-05 00:59:02.136Z",1.06933,1.06938
"exness","EURUSD","2023-06-05 00:59:02.837Z",1.06931,1.06938
"exness","EURUSD","2023-06-05 00:59:05.192Z",1.0693,1.06936
"exness","EURUSD","2023-06-05 00:59:05.206Z",1.06929,1.06935
"exness","EURUSD","2023-06-05 00:59:05.226Z",1.06927,1.06933
"exness","EURUSD","2023-06-05 00:59:08.542Z",1.06929,1.06935
"exness","EURUSD","2023-06-05 00:59:08.598Z",1.06931,1.06937
"exness","EURUSD","2023-06-05 00:59:09.372Z",1.06932,1.06937
"exness","EURUSD","2023-06-05 00:59:10.370Z",1.06932,1.06938
"exness","EURUSD","2023-06-05 00:59:15.766Z",1.06933,1.06938
"exness","EURUSD","2023-06-05 00:59:16.544Z",1.06934,1.0694
"exness","EURUSD","2023-06-05 00:59:17.350Z",1.06936,1.06941
"exness","EURUSD","2023-06-05 00:59:17.379Z",1.06936,1.06942
"exness","EURUSD","2023-06-05 00:59:17.472Z",1.06937,1.06944
"exness","EURUSD","2023-06-05 00:59:17.837Z",1.06939,1.06944
"exness","EURUSD","2023-06-05 00:59:19.406Z",1.06939,1.06946
"exness","EURUSD","2023-06-05 00:59:20.274Z",1.06941,1.06946
"exness","EURUSD","2023-06-05 00:59:20.897Z",1.06939,1.06946
"exness","EURUSD","2023-06-05 00:59:21.199Z",1.06939,1.06944
"exness","EURUSD","2023-06-05 00:59:26.204Z",1.06939,1.06945
"exness","EURUSD","2023-06-05 00:59:29.926Z",1.0694,1.06945
"exness","EURUSD","2023-06-05 00:59:41.692Z",1.06938,1.06945
"exness","EURUSD","2023-06-05 00:59:41.760Z",1.06937,1.06943
"exness","EURUSD","2023-06-05 00:59:48.388Z",1.06935,1.06941
"exness","EURUSD","2023-06-05 00:59:55.192Z",1.06935,1.0694
"exness","EURUSD","2023-06-05 01:00:00.291Z",1.06935,1.06941
"exness","EURUSD","2023-06-05 01:00:00.841Z",1.06937,1.06943
"exness","EURUSD","2023-06-05 01:00:01.410Z",1.06938,1.06943
"exness","EURUSD","2023-06-05 01:00:01.723Z",1.06937,1.06943
"exness","EURUSD","2023-06-05 01:00:01.876Z",1.06938,1.06943
"exness","EURUSD","2023-06-05 01:00:02.362Z",1.06937,1.06943
"exness","EURUSD","2023-06-05 01:00:02.771Z",1.06936,1.06941
"exness","EURUSD","2023-06-05 01:00:02.843Z",1.06935,1.06941
"exness","EURUSD","2023-06-05 01:00:02.869Z",1.06933,1.06939
"exness","EURUSD","2023-06-05 01:00:03.190Z",1.06933,1.06938
"exness","EURUSD","2023-06-05 01:00:04.068Z",1.06931,1.06938
"exness","EURUSD","2023-06-05 01:00:06.194Z",1.0693,1.06936
"exness","EURUSD","2023-06-05 01:00:08.134Z",1.06931,1.06937
"exness","EURUSD","2023-06-05 01:00:08.223Z",1.06933,1.06938
"exness","EURUSD","2023-06-05 01:00:10.180Z",1.06934,1.0694
"exness","EURUSD","2023-06-05 01:00:10.627Z",1.06935,1.06942
"exness","EURUSD","2023-06-05 01:00:11.022Z",1.06937,1.06943
"exness","EURUSD","2023-06-05 01:00:11.063Z",1.06938,1.06945
"exness","EURUSD","2023-06-05 01:00:11.436Z",1.0694,1.06945
"exness","EURUSD","2023-06-05 01:00:12.462Z",1.0694,1.06947
"exness","EURUSD","2023-06-05 01:00:12.554Z",1.06942,1.06948
"exness","EURUSD","2023-06-05 01:00:12.587Z",1.06943,1.0695000000000001
"exness","EURUSD","2023-06-05 01:00:12.965Z",1.06945,1.06951
"exness","EURUSD","2023-06-05 01:00:15.711Z",1.06947,1.06952
"exness","EURUSD","2023-06-05 01:00:20.699Z",1.06947,1.06954
"exness","EURUSD","2023-06-05 01:00:20.730Z",1.06949,1.06955
"exness","EURUSD","2023-06-05 01:00:20.903Z",1.06951,1.06956
"exness","EURUSD","2023-06-05 01:00:24.578Z",1.06949,1.06956
"exness","EURUSD","2023-06-05 01:00:25.226Z",1.06948,1.06954
"exness","EURUSD","2023-06-05 01:00:27.845Z",1.06948,1.06953
"exness","EURUSD","2023-06-05 01:00:28.861Z",1.06947,1.06953
"exness","EURUSD","2023-06-05 01:00:32.685Z",1.06945,1.06951
"exness","EURUSD","2023-06-05 01:00:33.259Z",1.06944,1.0695000000000001
"exness","EURUSD","2023-06-05 01:00:33.274Z",1.06942,1.06948
"exness","EURUSD","2023-06-05 01:00:35.976Z",1.06941,1.06947
"exness","EURUSD","2023-06-05 01:00:41.082Z",1.0694,1.06946
"exness","EURUSD","2023-06-05 01:00:41.650Z",1.06941,1.06946
"exness","EURUSD","2023-06-05 01:00:43.337Z",1.06942,1.06948
"exness","EURUSD","2023-06-05 01:00:48.005Z",1.06943,1.06949
"exness","EURUSD","2023-06-05 01:00:49.045Z",1.06944,1.0695000000000001
"exness","EURUSD","2023-06-05 01:00:50.335Z",1.06943,1.06949
"exness","EURUSD","2023-06-05 01:00:51.930Z",1.06944,1.0695000000000001
"exness","EURUSD","2023-06-05 01:00:51.957Z",1.06946,1.06951
"exness","EURUSD","2023-06-05 01:00:51.996Z",1.06946,1.06953
"exness","EURUSD","2023-06-05 01:00:52.027Z",1.06948,1.06953
"exness","EURUSD","2023-06-05 01:00:54.331Z",1.06949,1.06955
"exness","EURUSD","2023-06-05 01:00:54.981Z",1.0695000000000001,1.06956
"exness","EURUSD","2023-06-05 01:00:55.769Z",1.06952,1.06957
"exness","EURUSD","2023-06-05 01:01:22.745Z",1.06953,1.06959
"exness","EURUSD","2023-06-05 01:01:22.771Z",1.06954,1.06961
"exness","EURUSD","2023-06-05 01:01:25.957Z",1.06956,1.06961
"exness","EURUSD","2023-06-05 01:01:28.296Z",1.06957,1.06963
"exness","EURUSD","2023-06-05 01:01:29.012Z",1.06958,1.06964
"exness","EURUSD","2023-06-05 01:01:29.019Z",1.0695999999999999,1.06966
"exness","EURUSD","2023-06-05 01:01:29.035Z",1.06958,1.06964
"exness","EURUSD","2023-06-05 01:01:29.238Z",1.0695999999999999,1.06966
"exness","EURUSD","2023-06-05 01:01:29.298Z",1.06961,1.06966
"exness","EURUSD","2023-06-05 01:01:31.471Z",1.06961,1.06967
"exness","EURUSD","2023-06-05 01:01:32.339Z",1.06959,1.06966
"exness","EURUSD","2023-06-05 01:01:32.389Z",1.06958,1.06964
"exness","EURUSD","2023-06-05 01:01:35.558Z",1.06957,1.06962
"exness","EURUSD","2023-06-05 01:01:36.317Z",1.06955,1.06961
"exness","EURUSD","2023-06-05 01:01:36.348Z",1.06954,1.0695999999999999
"exness","EURUSD","2023-06-05 01:01:36.455Z",1.06952,1.06958
"exness","EURUSD","2023-06-05 01:01:37.498Z",1.06953,1.06959
"exness","EURUSD","2023-06-05 01:01:38.810Z",1.06956,1.06961
"exness","EURUSD","2023-06-05 01:01:41.376Z",1.06957,1.06963
"exness","EURUSD","2023-06-05 01:01:41.449Z",1.06958,1.06964
"exness","EURUSD","2023-06-05 01:01:41.551Z",1.06958,1.06963
"exness","EURUSD","2023-06-05 01:01:42.669Z",1.06956,1.06962
"exness","EURUSD","2023-06-05 01:01:44.470Z",1.06954,1.06961
"exness","EURUSD","2023-06-05 01:01:47.088Z",1.06952,1.06958
"exness","EURUSD","2023-06-05 01:01:49.689Z",1.06953,1.06959
"exness","EURUSD","2023-06-05 01:01:49.750Z",1.06955,1.06961
"exness","EURUSD","2023-06-05 01:01:52.315Z",1.06956,1.06961
"exness","EURUSD","2023-06-05 01:01:54.483Z",1.06957,1.06963
"exness","EURUSD","2023-06-05 01:01:54.566Z",1.06958,1.06965
"exness","EURUSD","2023-06-05 01:01:56.070Z",1.0695999999999999,1.06965
"exness","EURUSD","2023-06-05 01:01:57.452Z",1.06958,1.06964
"exness","EURUSD","2023-06-05 01:01:57.474Z",1.06957,1.06963
"exness","EURUSD","2023-06-05 01:01:59.375Z",1.06958,1.06964
"exness","EURUSD","2023-06-05 01:01:59.547Z",1.0695999999999999,1.06966
"exness","EURUSD","2023-06-05 01:01:59.568Z",1.06962,1.06968
"exness","EURUSD","2023-06-05 01:01:59.757Z",1.06963,1.0697
"exness","EURUSD","2023-06-05 01:01:59.854Z",1.06965,1.06971
"exness","EURUSD","2023-06-05 01:02:01.139Z",1.06967,1.06972
"exness","EURUSD","2023-06-05 01:02:03.874Z",1.06969,1.06974
"exness","EURUSD","2023-06-05 01:02:03.917Z",1.06969,1.06975
"exness","EURUSD","2023-06-05 01:02:03.966Z",1.06971,1.06977
"exness","EURUSD","2023-06-05 01:02:06.123Z",1.06972,1.06978
"exness","EURUSD","2023-06-05 01:02:11.771Z",1.06971,1.06976
"exness","EURUSD","2023-06-05 01:02:13.531Z",1.06972,1.06978
"exness","EURUSD","2023-06-05 01:02:15.799Z",1.06973,1.06979
"exness","EURUSD","2023-06-05 01:02:16.344Z",1.06973,1.06978
"exness","EURUSD","2023-06-05 01:02:18.045Z",1.06973,1.06979
"exness","EURUSD","2023-06-05 01:02:18.123Z",1.06974,1.06981
"exness","EURUSD","2023-06-05 01:02:18.407Z",1.06976,1.06981
"exness","EURUSD","2023-06-05 01:02:20.614Z",1.06976,1.06982
"exness","EURUSD","2023-06-05 01:02:23.739Z",1.06975,1.06981
"exness","EURUSD","2023-06-05 01:02:24.700Z",1.06976,1.06981
"exness","EURUSD","2023-06-05 01:02:25.057Z",1.06974,1.06981
"exness","EURUSD","2023-06-05 01:02:25.112Z",1.06973,1.06979
"exness","EURUSD","2023-06-05 01:02:25.402Z",1.06974,1.06981
"exness","EURUSD","2023-06-05 01:02:25.478Z",1.06976,1.06981
"exness","EURUSD","2023-06-05 01:02:25.485Z",1.06976,1.06983
"exness","EURUSD","2023-06-05 01:02:25.694Z",1.06978,1.06983
"exness","EURUSD","2023-06-05 01:02:26.803Z",1.06977,1.06983
"exness","EURUSD","2023-06-05 01:02:29.936Z",1.06975,1.06981
"exness","EURUSD","2023-06-05 01:02:31.340Z",1.06973,1.06979
"exness","EURUSD","2023-06-05 01:02:31.869Z",1.06972,1.06977
"exness","EURUSD","2023-06-05 01:02:35.069Z",1.06973,1.06979
"exness","EURUSD","2023-06-05 01:02:35.131Z",1.06975,1.06981
"exness","EURUSD","2023-06-05 01:02:35.141Z",1.06976,1.06983
"exness","EURUSD","2023-06-05 01:02:35.204Z",1.06978,1.06984
"exness","EURUSD","2023-06-05 01:02:37.533Z",1.06976,1.06983
"exness","EURUSD","2023-06-05 01:02:41.312Z",1.06978,1.06984
"exness","EURUSD","2023-06-05 01:02:42.085Z",1.06977,1.06982
"exness","EURUSD","2023-06-05 01:02:43.944Z",1.06975,1.06981
"exness","EURUSD","2023-06-05 01:02:44.007Z",1.06974,1.0698
"exness","EURUSD","2023-06-05 01:02:44.799Z",1.06975,1.06981
"exness","EURUSD","2023-06-05 01:02:44.868Z",1.06977,1.06983
"exness","EURUSD","2023-06-05 01:02:53.007Z",1.06979,1.06984
"exness","EURUSD","2023-06-05 01:02:53.065Z",1.06977,1.06983
"exness","EURUSD","2023-06-05 01:02:54.782Z",1.06976,1.06981
"exness","EURUSD","2023-06-05 01:02:54.970Z",1.06975,1.06981
"exness","EURUSD","2023-06-05 01:02:55.007Z",1.06973,1.06979
"exness","EURUSD","2023-06-05 01:02:55.482Z",1.06971,1.06978
"exness","EURUSD","2023-06-05 01:03:02.754Z",1.0697,1.06976
"exness","EURUSD","2023-06-05 01:03:06.545Z",1.0697,1.06975
"exness","EURUSD","2023-06-05 01:03:10.628Z",1.06971,1.06976
"exness","EURUSD","2023-06-05 01:03:15.115Z",1.06971,1.06978
"exness","EURUSD","2023-06-05 01:03:15.523Z",1.0697,1.06976
"exness","EURUSD","2023-06-05 01:03:19.739Z",1.06971,1.06976
"exness","EURUSD","2023-06-05 01:03:22.980Z",1.06972,1.06978
"exness","EURUSD","2023-06-05 01:03:25.804Z",1.06974,1.06979
"exness","EURUSD","2023-06-05 01:03:26.855Z",1.06973,1.06979
"exness","EURUSD","2023-06-05 01:03:32.098Z",1.06974,1.06981
"exness","EURUSD","2023-06-05 01:03:32.157Z",1.06973,1.06979
"exness","EURUSD","2023-06-05 01:03:32.164Z",1.06971,1.06977
"exness","EURUSD","2023-06-05 01:03:32.188Z",1.06969,1.06975
"exness","EURUSD","2023-06-05 01:03:32.191Z",1.06967,1.06973
"exness","EURUSD","2023-06-05 01:03:32.214Z",1.06966,1.06972
"exness","EURUSD","2023-06-05 01:03:38.052Z",1.06964,1.0697
"exness","EURUSD","2023-06-05 01:03:48.375Z",1.06965,1.06971
"exness","EURUSD","2023-06-05 01:04:00.296Z",1.06967,1.06972
"exness","EURUSD","2023-06-05 01:04:01.969Z",1.06965,1.06972
"exness","EURUSD","2023-06-05 01:04:02.021Z",1.06964,1.0697
"exness","EURUSD","2023-06-05 01:04:02.132Z",1.06962,1.06968
"exness","EURUSD","2023-06-05 01:04:10.896Z",1.06964,1.06969
"exness","EURUSD","2023-06-05 01:04:14.767Z",1.06964,1.0697
"exness","EURUSD","2023-06-05 01:04:23.307Z",1.06963,1.06969
"exness","EURUSD","2023-06-05 01:04:23.321Z",1.06961,1.06967
"exness","EURUSD","2023-06-05 01:04:23.559Z",1.06961,1.06966
"exness","EURUSD","2023-06-05 01:04:23.756Z",1.06961,1.06967
"exness","EURUSD","2023-06-05 01:04:25.928Z",1.06962,1.06968
"exness","EURUSD","2023-06-05 01:04:29.378Z",1.06962,1.06967
"exness","EURUSD","2023-06-05 01:04:36.063Z",1.06961,1.06968
"exness","EURUSD","2023-06-05 01:04:36.939Z",1.06963,1.06969
"exness","EURUSD","2023-06-05 01:04:45.144Z",1.06965,1.0697
"exness","EURUSD","2023-06-05 01:04:49.883Z",1.06965,1.06971
"exness","EURUSD","2023-06-05 01:04:58.541Z",1.06967,1.06973
"exness","EURUSD","2023-06-05 01:04:58.874Z",1.06967,1.06972
"exness","EURUSD","2023-06-05 01:05:00.352Z",1.06965,1.06971
"exness","EURUSD","2023-06-05 01:05:07.434Z",1.06966,1.06972
"exness","EURUSD","2023-06-05 01:05:07.657Z",1.06968,1.06974
"exness","EURUSD","2023-06-05 01:05:08.088Z",1.0697,1.06976
"exness","EURUSD","2023-06-05 01:05:11.438Z",1.06971,1.06976
"exness","EURUSD","2023-06-05 01:05:11.675Z",1.06969,1.06976
"exness","EURUSD","2023-06-05 01:05:11.749Z",1.06968,1.06974
"exness","EURUSD","2023-06-05 01:05:12.961Z",1.06968,1.06973
"exness","EURUSD","2023-06-05 01:05:15.553Z",1.06969,1.06975
"exness","EURUSD","2023-06-05 01:05:16.264Z",1.0697,1.06975
"exness","EURUSD","2023-06-05 01:05:21.879Z",1.06968,1.06974
"exness","EURUSD","2023-06-05 01:05:21.974Z",1.06967,1.06972
"exness","EURUSD","2023-06-05 01:05:23.130Z",1.06966,1.06972
"exness","EURUSD","2023-06-05 01:05:25.048Z",1.06965,1.0697
"exness","EURUSD","2023-06-05 01:05:26.763Z",1.06964,1.0697
"exness","EURUSD","2023-06-05 01:05:29.279Z",1.06963,1.06969
"exness","EURUSD","2023-06-05 01:05:29.667Z",1.06961,1.06968
"exness","EURUSD","2023-06-05 01:05:30.893Z",1.06961,1.06966
"exness","EURUSD","2023-06-05 01:05:40.247Z",1.06959,1.06965
"exness","EURUSD","2023-06-05 01:05:40.402Z",1.06958,1.06964
"exness","EURUSD","2023-06-05 01:05:40.947Z",1.06957,1.06962
"exness","EURUSD","2023-06-05 01:05:56.356Z",1.06958,1.06964
"exness","EURUSD","2023-06-05 01:05:58.542Z",1.0695999999999999,1.06966
"exness","EURUSD","2023-06-05 01:06:01.059Z",1.06962,1.06968
"exness","EURUSD","2023-06-05 01:06:05.051Z",1.06961,1.06967
"exness","EURUSD","2023-06-05 01:06:08.128Z",1.06963,1.06968
"exness","EURUSD","2023-06-05 01:06:10.245Z",1.06963,1.06969
"exness","EURUSD","2023-06-05 01:06:12.991Z",1.06963,1.06968
"exness","EURUSD","2023-06-05 01:06:15.073Z",1.06963,1.06969
"exness","EURUSD","2023-06-05 01:06:19.115Z",1.06961,1.06967
"exness","EURUSD","2023-06-05 01:06:19.516Z",1.0695999999999999,1.06965
"exness","EURUSD","2023-06-05 01:06:24.425Z",1.0695999999999999,1.06966
"exness","EURUSD","2023-06-05 01:06:29.411Z",1.06961,1.06966
"exness","EURUSD","2023-06-05 01:06:32.549Z",1.06959,1.06966
"exness","EURUSD","2023-06-05 01:06:35.502Z",1.06961,1.06967
"exness","EURUSD","2023-06-05 01:06:37.241Z",1.06964,1.0697
"exness","EURUSD","2023-06-05 01:07:00.353Z",1.06966,1.06972
"exness","EURUSD","2023-06-05 01:07:06.532Z",1.06967,1.06974
"exness","EURUSD","2023-06-05 01:07:07.309Z",1.06969,1.06974
"exness","EURUSD","2023-06-05 01:07:07.850Z",1.06968,1.06974
"exness","EURUSD","2023-06-05 01:07:23.288Z",1.06969,1.06975
"exness","EURUSD","2023-06-05 01:07:25.987Z",1.06971,1.06978
"exness","EURUSD","2023-06-05 01:07:28.822Z",1.06973,1.06979
"exness","EURUSD","2023-06-05 01:07:28.903Z",1.06975,1.06981
"exness","EURUSD","2023-06-05 01:07:29.909Z",1.06976,1.06982
"exness","EURUSD","2023-06-05 01:07:30.284Z",1.06977,1.06982
"exness","EURUSD","2023-06-05 01:07:30.446Z",1.06978,1.06984
"exness","EURUSD","2023-06-05 01:07:30.591Z",1.0698,1.06985
"exness","EURUSD","2023-06-05 01:07:30.839Z",1.06978,1.06984
"exness","EURUSD","2023-06-05 01:07:30.975Z",1.06978,1.06983
"exness","EURUSD","2023-06-05 01:07:36.691Z",1.06976,1.06983
"exness","EURUSD","2023-06-05 01:07:52.739Z",1.06976,1.06981
"exness","EURUSD","2023-06-05 01:07:52.781Z",1.06974,1.06981
"exness","EURUSD","2023-06-05 01:07:52.964Z",1.06973,1.06979
"exness","EURUSD","2023-06-05 01:07:52.979Z",1.06971,1.06978
"exness","EURUSD","2023-06-05 01:07:54.055Z",1.0697,1.06977
"exness","EURUSD","2023-06-05 01:07:59.051Z",1.06969,1.06975
"exness","EURUSD","2023-06-05 01:07:59.067Z",1.06967,1.06974
"exness","EURUSD","2023-06-05 01:07:59.079Z",1.06966,1.06972
"exness","EURUSD","2023-06-05 01:07:59.295Z",1.06966,1.06971
"exness","EURUSD","2023-06-05 01:08:00.387Z",1.06964,1.06971
"exness","EURUSD","2023-06-05 01:08:03.531Z",1.06962,1.06969
"exness","EURUSD","2023-06-05 01:08:16.088Z",1.06963,1.0697
"exness","EURUSD","2023-06-05 01:08:30.630Z",1.06962,1.06969
"exness","EURUSD","2023-06-05 01:08:32.551Z",1.06962,1.06967
"exness","EURUSD","2023-06-05 01:08:33.876Z",1.06963,1.06969
"exness","EURUSD","2023-06-05 01:08:36.865Z",1.06961,1.06968
"exness","EURUSD","2023-06-05 01:08:37.103Z",1.0695999999999999,1.06966
"exness","EURUSD","2023-06-05 01:08:39.037Z",1.06959,1.06965
"exness","EURUSD","2023-06-05 01:08:42.396Z",1.06958,1.06963
"exness","EURUSD","2023-06-05 01:08:45.097Z",1.06956,1.06963
"exness","EURUSD","2023-06-05 01:08:49.531Z",1.06956,1.06961
"exness","EURUSD","2023-06-05 01:08:50.466Z",1.06955,1.06961
"exness","EURUSD","2023-06-05 01:08:57.739Z",1.06954,1.0695999999999999
"exness","EURUSD","2023-06-05 01:08:57.772Z",1.06952,1.06958
"exness","EURUSD","2023-06-05 01:08:58.266Z",1.06952,1.06957
"exness","EURUSD","2023-06-05 01:08:59.273Z",1.06952,1.06958
"exness","EURUSD","2023-06-05 01:09:13.774Z",1.06951,1.06956
"exness","EURUSD","2023-06-05 01:09:15.478Z",1.06951,1.06958
"exness","EURUSD","2023-06-05 01:09:16.003Z",1.06953,1.06959
"exness","EURUSD","2023-06-05 01:09:16.950Z",1.06955,1.06961
"exness","EURUSD","2023-06-05 01:09:17.706Z",1.06956,1.06961
"exness","EURUSD","2023-06-05 01:09:18.888Z",1.06957,1.06963
"exness","EURUSD","2023-06-05 01:09:30.048Z",1.06958,1.06963
"exness","EURUSD","2023-06-05 01:09:37.048Z",1.06957,1.06963
"exness","EURUSD","2023-06-05 01:09:40.155Z",1.06955,1.06961
"exness","EURUSD","2023-06-05 01:09:40.206Z",1.06953,1.06959
"exness","EURUSD","2023-06-05 01:09:40.219Z",1.06952,1.06958
"exness","EURUSD","2023-06-05 01:09:40.234Z",1.06948,1.06954
"exness","EURUSD","2023-06-05 01:09:40.238Z",1.0695000000000001,1.06956
"exness","EURUSD","2023-06-05 01:09:40.243Z",1.06947,1.06954
"exness","EURUSD","2023-06-05 01:09:40.283Z",1.06946,1.06952
"exness","EURUSD","2023-06-05 01:09:41.498Z",1.06945,1.06951
"exness","EURUSD","2023-06-05 01:09:41.523Z",1.06943,1.06949
"exness","EURUSD","2023-06-05 01:09:43.615Z",1.06941,1.06947
"exness","EURUSD","2023-06-05 01:09:43.655Z",1.06943,1.06949
"exness","EURUSD","2023-06-05 01:09:48.399Z",1.06941,1.06947
"exness","EURUSD","2023-06-05 01:09:55.874Z",1.06942,1.06949
"exness","EURUSD","2023-06-05 01:09:58.136Z",1.06944,1.0695000000000001
"exness","EURUSD","2023-06-05 01:09:59.193Z",1.06944,1.06949
"exness","EURUSD","2023-06-05 01:10:00.260Z",1.06944,1.0695000000000001
"exness","EURUSD","2023-06-05 01:10:10.205Z",1.06945,1.06951
"exness","EURUSD","2023-06-05 01:10:23.196Z",1.06946,1.06952
"exness","EURUSD","2023-06-05 01:10:28.126Z",1.06946,1.06951
"exness","EURUSD","2023-06-05 01:10:35.419Z",1.06946,1.06953
"exness","EURUSD","2023-06-05 01:10:35.498Z",1.06948,1.06954
"exness","EURUSD","2023-06-05 01:10:38.084Z",1.0695000000000001,1.06955
"exness","EURUSD","2023-06-05 01:10:38.115Z",1.0695000000000001,1.06956
"exness","EURUSD","2023-06-05 01:10:38.137Z",1.06952,1.06958
"exness","EURUSD","2023-06-05 01:10:38.220Z",1.06954,1.06959
"exness","EURUSD","2023-06-05 01:10:38.579Z",1.06954,1.0695999999999999
"exness","EURUSD","2023-06-05 01:10:41.087Z",1.06956,1.06961
"exness","EURUSD","2023-06-05 01:10:41.229Z",1.06956,1.06962
"exness","EURUSD","2023-06-05 01:10:41.253Z",1.06958,1.06964
"exness","EURUSD","2023-06-05 01:10:46.361Z",1.06959,1.06964
"exness","EURUSD","2023-06-05 01:10:46.486Z",1.0695999999999999,1.06966
"exness","EURUSD","2023-06-05 01:10:50.033Z",1.06958,1.06965
"exness","EURUSD","2023-06-05 01:10:50.865Z",1.06957,1.06963
"exness","EURUSD","2023-06-05 01:10:53.063Z",1.06958,1.06964
"exness","EURUSD","2023-06-05 01:11:02.318Z",1.06957,1.06963
"exness","EURUSD","2023-06-05 01:11:02.330Z",1.06959,1.06965
"exness","EURUSD","2023-06-05 01:11:03.742Z",1.06957,1.06964
"exness","EURUSD","2023-06-05 01:11:08.360Z",1.06959,1.06965
"exness","EURUSD","2023-06-05 01:11:16.967Z",1.0695999999999999,1.06966
"exness","EURUSD","2023-06-05 01:11:16.988Z",1.06962,1.06968
"exness","EURUSD","2023-06-05 01:11:17.055Z",1.06963,1.06968
"exness","EURUSD","2023-06-05 01:11:19.232Z",1.06962,1.06969
"exness","EURUSD","2023-06-05 01:11:25.537Z",1.06961,1.06967
"exness","EURUSD","2023-06-05 01:11:25.659Z",1.0695999999999999,1.06966
"exness","EURUSD","2023-06-05 01:11:25.680Z",1.06958,1.06964
"exness","EURUSD","2023-06-05 01:11:26.052Z",1.06957,1.06963
"exness","EURUSD","2023-06-05 01:11:29.394Z",1.06959,1.06964
"exness","EURUSD","2023-06-05 01:11:29.459Z",1.0695999999999999,1.06966
"exness","EURUSD","2023-06-05 01:11:29.581Z",1.06961,1.06966
"exness","EURUSD","2023-06-05 01:11:31.083Z",1.06962,1.06968
"exness","EURUSD","2023-06-05 01:11:31.707Z",1.06964,1.06969
"exness","EURUSD","2023-06-05 01:11:32.810Z",1.06964,1.06971
"exness","EURUSD","2023-06-05 01:11:34.083Z",1.06966,1.06972
"exness","EURUSD","2023-06-05 01:11:41.496Z",1.06968,1.06974
"exness","EURUSD","2023-06-05 01:11:49.367Z",1.06966,1.06971
"exness","EURUSD","2023-06-05 01:11:50.505Z",1.06966,1.06972
"exness","EURUSD","2023-06-05 01:11:56.433Z",1.06965,1.06971
"exness","EURUSD","2023-06-05 01:11:58.604Z",1.06966,1.06972
"exness","EURUSD","2023-06-05 01:12:08.912Z",1.06967,1.06974
"exness","EURUSD","2023-06-05 01:12:09.586Z",1.06967,1.06972
"exness","EURUSD","2023-06-05 01:12:11.861Z",1.06967,1.06973
"exness","EURUSD","2023-06-05 01:12:15.344Z",1.06969,1.06975
"exness","EURUSD","2023-06-05 01:12:19.224Z",1.06967,1.06974
"exness","EURUSD","2023-06-05 01:12:25.043Z",1.06965,1.06971
"exness","EURUSD","2023-06-05 01:12:46.471Z",1.06964,1.0697
"exness","EURUSD","2023-06-05 01:12:46.488Z",1.06962,1.06968
"exness","EURUSD","2023-06-05 01:12:47.491Z",1.06961,1.06967
"exness","EURUSD","2023-06-05 01:12:49.327Z",1.06962,1.06968
"exness","EURUSD","2023-06-05 01:12:50.657Z",1.06963,1.06969
"exness","EURUSD","2023-06-05 01:12:52.664Z",1.06962,1.06968
"exness","EURUSD","2023-06-05 01:12:56.909Z",1.06964,1.0697
"exness","EURUSD","2023-06-05 01:12:57.339Z",1.06966,1.06971
"exness","EURUSD","2023-06-05 01:12:57.455Z",1.06966,1.06973
"exness","EURUSD","2023-06-05 01:12:58.285Z",1.06968,1.06973
"exness","EURUSD","2023-06-05 01:13:02.515Z",1.06967,1.06973
"exness","EURUSD","2023-06-05 01:13:02.560Z",1.06965,1.06972
"exness","EURUSD","2023-06-05 01:13:02.625Z",1.06964,1.0697
"exness","EURUSD","2023-06-05 01:13:02.669Z",1.06962,1.06968
"exness","EURUSD","2023-06-05 01:13:03.521Z",1.06962,1.06967
"exness","EURUSD","2023-06-05 01:13:06.074Z",1.06961,1.06967
"exness","EURUSD","2023-06-05 01:13:20.257Z",1.06959,1.06965
"exness","EURUSD","2023-06-05 01:13:20.282Z",1.06957,1.06963
"exness","EURUSD","2023-06-05 01:13:21.045Z",1.06955,1.06962
"exness","EURUSD","2023-06-05 01:13:21.054Z",1.06954,1.0695999999999999
"exness","EURUSD","2023-06-05 01:13:21.265Z",1.06954,1.06959
"exness","EURUSD","2023-06-05 01:13:21.988Z",1.06954,1.0695999999999999
"exness","EURUSD","2023-06-05 01:13:22.287Z",1.06956,1.06962
"exness","EURUSD","2023-06-05 01:13:22.744Z",1.06957,1.06964
"exness","EURUSD","2023-06-05 01:13:23.742Z",1.06959,1.06965
"exness","EURUSD","2023-06-05 01:13:46.485Z",1.0695999999999999,1.06966
"exness","EURUSD","2023-06-05 01:13:48.201Z",1.06961,1.06967
"exness","EURUSD","2023-06-05 01:13:54.602Z",1.06963,1.06969
"exness","EURUSD","2023-06-05 01:13:59.656Z",1.06964,1.06969
"exness","EURUSD","2023-06-05 01:14:00.346Z",1.06965,1.06971
"exness","EURUSD","2023-06-05 01:14:05.244Z",1.06966,1.06972
"exness","EURUSD","2023-06-05 01:14:05.449Z",1.06968,1.06974
"exness","EURUSD","2023-06-05 01:14:05.676Z",1.06969,1.06974
"exness","EURUSD","2023-06-05 01:14:12.028Z",1.0697,1.06976
"exness","EURUSD","2023-06-05 01:14:14.449Z",1.06971,1.06977
"exness","EURUSD","2023-06-05 01:14:22.221Z",1.06972,1.06978
"exness","EURUSD","2023-06-05 01:14:25.049Z",1.06973,1.0698
"exness","EURUSD","2023-06-05 01:14:31.931Z",1.06973,1.06978
"exness","EURUSD","2023-06-05 01:14:38.178Z",1.06971,1.06978
"exness","EURUSD","2023-06-05 01:14:38.189Z",1.0697,1.06976
"exness","EURUSD","2023-06-05 01:14:38.278Z",1.06968,1.06974
"exness","EURUSD","2023-06-05 01:14:38.454Z",1.06968,1.06973
"exness","EURUSD","2023-06-05 01:14:38.707Z",1.06968,1.06975
"exness","EURUSD","2023-06-05 01:14:46.466Z",1.06969,1.06976
"exness","EURUSD","2023-06-05 01:14:48.161Z",1.06968,1.06974
"exness","EURUSD","2023-06-05 01:14:48.211Z",1.06966,1.06973
"exness","EURUSD","2023-06-05 01:14:50.232Z",1.06965,1.06971
"exness","EURUSD","2023-06-05 01:14:50.749Z",1.06965,1.0697
"exness","EURUSD","2023-06-05 01:14:52.785Z",1.06965,1.06972
"exness","EURUSD","2023-06-05 01:14:55.076Z",1.06966,1.06973
"exness","EURUSD","2023-06-05 01:15:02.085Z",1.06965,1.06972
"exness","EURUSD","2023-06-05 01:15:02.176Z",1.06964,1.0697
"exness","EURUSD","2023-06-05 01:15:15.664Z",1.06966,1.06972
"exness","EURUSD","2023-06-05 01:15:16.746Z",1.06967,1.06972
"exness","EURUSD","2023-06-05 01:15:21.266Z",1.06965,1.06971
"exness","EURUSD","2023-06-05 01:15:21.278Z",1.06964,1.0697
"exness","EURUSD","2023-06-05 01:15:21.340Z",1.06962,1.06968
"exness","EURUSD","2023-06-05 01:15:23.556Z",1.0695999999999999,1.06966
"exness","EURUSD","2023-06-05 01:15:28.473Z",1.06959,1.06965
"exness","EURUSD","2023-06-05 01:15:30.272Z",1.06959,1.06964
"exness","EURUSD","2023-06-05 01:15:31.288Z",1.06957,1.06964
"exness","EURUSD","2023-06-05 01:15:35.085Z",1.06956,1.06962
"exness","EURUSD","2023-06-05 01:15:42.970Z",1.06957,1.06964
"exness","EURUSD","2023-06-05 01:15:43.236Z",1.06959,1.06965
"exness","EURUSD","2023-06-05 01:15:43.455Z",1.0695999999999999,1.06965
"exness","EURUSD","2023-06-05 01:15:43.478Z",1.06961,1.06967
"exness","EURUSD","2023-06-05 01:15:48.560Z",1.06962,1.06967
"exness","EURUSD","2023-06-05 01:16:00.277Z",1.06964,1.06969
"exness","EURUSD","2023-06-05 01:16:03.425Z",1.06964,1.06971
"exness","EURUSD","2023-06-05 01:16:03.446Z",1.06966,1.06972
"exness","EURUSD","2023-06-05 01:16:03.677Z",1.06968,1.06974
"exness","EURUSD","2023-06-05 01:16:03.897Z",1.06969,1.06974
"exness","EURUSD","2023-06-05 01:16:05.545Z",1.06967,1.06974
"exness","EURUSD","2023-06-05 01:16:10.665Z",1.06969,1.06974
"exness","EURUSD","2023-06-05 01:16:16.305Z",1.06969,1.06976
"exness","EURUSD","2023-06-05 01:16:17.768Z",1.06968,1.06974
"exness","EURUSD","2023-06-05 01:16:17.898Z",1.06968,1.06973
"exness","EURUSD","2023-06-05 01:16:19.060Z",1.06966,1.06973
"exness","EURUSD","2023-06-05 01:16:24.055Z",1.06965,1.06972
"exness","EURUSD","2023-06-05 01:16:27.758Z",1.06964,1.0697
"exness","EURUSD","2023-06-05 01:16:29.033Z",1.06962,1.06968
"exness","EURUSD","2023-06-05 01:16:30.292Z",1.0695999999999999,1.06966
"exness","EURUSD","2023-06-05 01:16:30.310Z",1.06959,1.06964
"exness","EURUSD","2023-06-05 01:16:32.492Z",1.06958,1.06963
"exness","EURUSD","2023-06-05 01:16:34.754Z",1.06956,1.06962
"exness","EURUSD","2023-06-05 01:16:52.617Z",1.06955,1.06961
"exness","EURUSD","2023-06-05 01:16:53.740Z",1.06954,1.0695999999999999
"exness","EURUSD","2023-06-05 01:16:53.764Z",1.06952,1.06958
"exness","EURUSD","2023-06-05 01:16:53.834Z",1.06952,1.06957
"exness","EURUSD","2023-06-05 01:16:57.417Z",1.06951,1.06957
"exness","EURUSD","2023-06-05 01:17:00.395Z",1.06949,1.06955
"exness","EURUSD","2023-06-05 01:17:00.413Z",1.06948,1.06954
"exness","EURUSD","2023-06-05 01:17:00.449Z",1.06947,1.06952
"exness","EURUSD","2023-06-05 01:17:01.496Z",1.06947,1.06954
"exness","EURUSD","2023-06-05 01:17:06.147Z",1.06946,1.06952
"exness","EURUSD","2023-06-05 01:17:09.294Z",1.06946,1.06951
"exness","EURUSD","2023-06-05 01:17:10.530Z",1.06946,1.06952
"exness","EURUSD","2023-06-05 01:17:13.025Z",1.06948,1.06953
"exness","EURUSD","2023-06-05 01:17:16.484Z",1.06946,1.06952
"exness","EURUSD","2023-06-05 01:17:16.782Z",1.06944,1.0695000000000001
"exness","EURUSD","2023-06-05 01:17:16.804Z",1.06942,1.06949
"exness","EURUSD","2023-06-05 01:17:16.875Z",1.06941,1.06947
"exness","EURUSD","2023-06-05 01:17:20.983Z",1.06941,1.06946
"exness","EURUSD","2023-06-05 01:17:22.111Z",1.06939,1.06945
"exness","EURUSD","2023-06-05 01:17:29.484Z",1.06937,1.06944
"exness","EURUSD","2023-06-05 01:17:29.900Z",1.06937,1.06942
"exness","EURUSD","2023-06-05 01:17:31.522Z",1.06937,1.06943
"exness","EURUSD","2023-06-05 01:17:33.762Z",1.06938,1.06944
"exness","EURUSD","2023-06-05 01:17:38.269Z",1.06937,1.06943
"exness","EURUSD","2023-06-05 01:17:39.155Z",1.06936,1.06942
"exness","EURUSD","2023-06-05 01:17:39.209Z",1.06934,1.0694
"exness","EURUSD","2023-06-05 01:17:39.270Z",1.06932,1.06939
"exness","EURUSD","2023-06-05 01:17:42.301Z",1.06931,1.06936
"exness","EURUSD","2023-06-05 01:17:45.735Z",1.0693,1.06936
"exness","EURUSD","2023-06-05 01:17:54.279Z",1.06929,1.06935
"exness","EURUSD","2023-06-05 01:17:54.295Z",1.06927,1.06933
"exness","EURUSD","2023-06-05 01:17:55.679Z",1.06927,1.06932
"exness","EURUSD","2023-06-05 01:17:58.119Z",1.06927,1.06934
"exness","EURUSD","2023-06-05 01:17:58.126Z",1.06929,1.06935
"exness","EURUSD","2023-06-05 01:17:58.177Z",1.06931,1.06937
"exness","EURUSD","2023-06-05 01:17:58.199Z",1.06932,1.06938
"exness","EURUSD","2023-06-05 01:17:58.225Z",1.06934,1.0694
"exness","EURUSD","2023-06-05 01:18:02.814Z",1.06931,1.06938
"exness","EURUSD","2023-06-05 01:18:02.990Z",1.06931,1.06936
"exness","EURUSD","2023-06-05 01:18:03.012Z",1.0693,1.06936
"exness","EURUSD","2023-06-05 01:18:03.143Z",1.06928,1.06934
"exness","EURUSD","2023-06-05 01:18:03.172Z",1.06926,1.06933
"exness","EURUSD","2023-06-05 01:18:03.195Z",1.06925,1.06931
"exness","EURUSD","2023-06-05 01:18:08.511Z",1.06924,1.0693
"exness","EURUSD","2023-06-05 01:18:10.810Z",1.06925,1.06931
"exness","EURUSD","2023-06-05 01:18:11.654Z",1.06923,1.0693
"exness","EURUSD","2023-06-05 01:18:12.356Z",1.06925,1.0693
"exness","EURUSD","2023-06-05 01:18:14.660Z",1.06925,1.06931
"exness","EURUSD","2023-06-05 01:18:20.821Z",1.06927,1.06933
"exness","EURUSD","2023-06-05 01:18:22.578Z",1.06927,1.06932
"exness","EURUSD","2023-06-05 01:18:23.693Z",1.06924,1.06931
"exness","EURUSD","2023-06-05 01:18:23.715Z",1.06923,1.06929
"exness","EURUSD","2023-06-05 01:18:23.802Z",1.06922,1.06927
"exness","EURUSD","2023-06-05 01:18:24.942Z",1.06921,1.06927
"exness","EURUSD","2023-06-05 01:18:43.258Z",1.0692,1.06926
"exness","EURUSD","2023-06-05 01:18:43.448Z",1.06918,1.06924
"exness","EURUSD","2023-06-05 01:18:43.477Z",1.06917,1.06923
"exness","EURUSD","2023-06-05 01:18:44.005Z",1.06918,1.06925
"exness","EURUSD","2023-06-05 01:18:45.021Z",1.06919,1.06926
"exness","EURUSD","2023-06-05 01:18:55.576Z",1.06918,1.06924
"exness","EURUSD","2023-06-05 01:18:55.609Z",1.06916,1.06923
"exness","EURUSD","2023-06-05 01:18:56.092Z",1.06915,1.06921
"exness","EURUSD","2023-06-05 01:18:58.322Z",1.06917,1.06922
"exness","EURUSD","2023-06-05 01:19:00.177Z",1.06918,1.06924
"exness","EURUSD","2023-06-05 01:19:00.757Z",1.06919,1.06925
"exness","EURUSD","2023-06-05 01:19:03.136Z",1.06921,1.06926
"exness","EURUSD","2023-06-05 01:19:04.110Z",1.06919,1.06926
"exness","EURUSD","2023-06-05 01:19:04.199Z",1.06918,1.06924
"exness","EURUSD","2023-06-05 01:19:04.770Z",1.06917,1.06922
"exness","EURUSD","2023-06-05 01:19:05.178Z",1.06915,1.06922
"exness","EURUSD","2023-06-05 01:19:09.549Z",1.06917,1.06923
"exness","EURUSD","2023-06-05 01:19:10.596Z",1.06918,1.06923
"exness","EURUSD","2023-06-05 01:19:13.173Z",1.06916,1.06922
"exness","EURUSD","2023-06-05 01:19:16.119Z",1.06915,1.06921
"exness","EURUSD","2023-06-05 01:19:16.127Z",1.06913,1.06919
"exness","EURUSD","2023-06-05 01:19:16.167Z",1.06911,1.06917
"exness","EURUSD","2023-06-05 01:19:16.189Z",1.06909,1.06916
"exness","EURUSD","2023-06-05 01:19:16.248Z",1.06908,1.06914
"exness","EURUSD","2023-06-05 01:19:16.343Z",1.06906,1.06912
"exness","EURUSD","2023-06-05 01:19:17.392Z",1.06907,1.06914
"exness","EURUSD","2023-06-05 01:19:23.823Z",1.06909,1.06915
"exness","EURUSD","2023-06-05 01:19:26.965Z",1.0691,1.06917
"exness","EURUSD","2023-06-05 01:19:27.474Z",1.06912,1.06918
"exness","EURUSD","2023-06-05 01:19:27.481Z",1.06913,1.0692
"exness","EURUSD","2023-06-05 01:19:27.511Z",1.06915,1.06921
"exness","EURUSD","2023-06-05 01:19:27.554Z",1.06917,1.06923
"exness","EURUSD","2023-06-05 01:19:34.113Z",1.06918,1.06924
"exness","EURUSD","2023-06-05 01:19:36.470Z",1.06919,1.06926
"exness","EURUSD","2023-06-05 01:19:39.962Z",1.06921,1.06926
"exness","EURUSD","2023-06-05 01:19:40.052Z",1.06919,1.06925
"exness","EURUSD","2023-06-05 01:19:41.554Z",1.06918,1.06924
"exness","EURUSD","2023-06-05 01:19:45.654Z",1.0692,1.06926
"exness","EURUSD","2023-06-05 01:20:01.628Z",1.06922,1.06927
"exness","EURUSD","2023-06-05 01:20:04.943Z",1.06922,1.06928
"exness","EURUSD","2023-06-05 01:20:06.351Z",1.06923,1.06929
"exness","EURUSD","2023-06-05 01:20:10.411Z",1.06924,1.0693
"exness","EURUSD","2023-06-05 01:20:12.825Z",1.06926,1.06932
"exness","EURUSD","2023-06-05 01:20:15.447Z",1.06927,1.06933
"exness","EURUSD","2023-06-05 01:20:18.415Z",1.06929,1.06934
"exness","EURUSD","2023-06-05 01:20:26.048Z",1.06927,1.06933
"exness","EURUSD","2023-06-05 01:20:29.052Z",1.06929,1.06935
"exness","EURUSD","2023-06-05 01:20:33.533Z",1.06928,1.06934
"exness","EURUSD","2023-06-05 01:20:37.554Z",1.06927,1.06933
"exness","EURUSD","2023-06-05 01:20:40.867Z",1.06926,1.06932
"exness","EURUSD","2023-06-05 01:20:41.766Z",1.06924,1.0693
"exness","EURUSD","2023-06-05 01:20:42.464Z",1.06923,1.06928
"exness","EURUSD","2023-06-05 01:20:47.838Z",1.06923,1.06929
"exness","EURUSD","2023-06-05 01:20:59.182Z",1.06922,1.06927
"exness","EURUSD","2023-06-05 01:21:01.815Z",1.06921,1.06927
"exness","EURUSD","2023-06-05 01:21:01.864Z",1.06919,1.06926
"exness","EURUSD","2023-06-05 01:21:02.612Z",1.06919,1.06924
"exness","EURUSD","2023-06-05 01:21:02.620Z",1.06918,1.06924
"exness","EURUSD","2023-06-05 01:21:04.705Z",1.0692,1.06926
"exness","EURUSD","2023-06-05 01:21:06.794Z",1.06917,1.06924
"exness","EURUSD","2023-06-05 01:21:07.828Z",1.06917,1.06922
"exness","EURUSD","2023-06-05 01:21:08.894Z",1.06918,1.06924
"exness","EURUSD","2023-06-05 01:21:18.269Z",1.06916,1.06923
"exness","EURUSD","2023-06-05 01:21:18.393Z",1.06915,1.06921
"exness","EURUSD","2023-06-05 01:21:18.517Z",1.06913,1.06919
"exness","EURUSD","2023-06-05 01:21:18.550Z",1.06912,1.06918
"exness","EURUSD","2023-06-05 01:21:19.574Z",1.06912,1.06917
"exness","EURUSD","2023-06-05 01:21:30.039Z",1.06912,1.06919
"exness","EURUSD","2023-06-05 01:21:32.936Z",1.06914,1.06919
"exness","EURUSD","2023-06-05 01:21:36.462Z",1.06914,1.0692
"exness","EURUSD","2023-06-05 01:21:36.604Z",1.06916,1.06922
"exness","EURUSD","2023-06-05 01:21:38.624Z",1.06918,1.06924
"exness","EURUSD","2023-06-05 01:21:38.740Z",1.06919,1.06924
"exness","EURUSD","2023-06-05 01:21:39.884Z",1.06918,1.06924
"exness","EURUSD","2023-06-05 01:21:40.886Z",1.06916,1.06923
"exness","EURUSD","2023-06-05 01:21:42.361Z",1.06918,1.06924
"exness","EURUSD","2023-06-05 01:21:42.537Z",1.06919,1.06926
"exness","EURUSD","2023-06-05 01:21:42.784Z",1.06921,1.06927
"exness","EURUSD","2023-06-05 01:21:48.050Z",1.06922,1.06929
"exness","EURUSD","2023-06-05 01:21:52.888Z",1.06922,1.06927
"exness","EURUSD","2023-06-05 01:21:56.206Z",1.06923,1.06929
"exness","EURUSD","2023-06-05 01:22:05.056Z",1.06924,1.0693
"exness","EURUSD","2023-06-05 01:22:15.345Z",1.06926,1.06932
"exness","EURUSD","2023-06-05 01:22:15.349Z",1.06927,1.06933
"exness","EURUSD","2023-06-05 01:22:15.370Z",1.06929,1.06935
"exness","EURUSD","2023-06-05 01:22:20.176Z",1.06931,1.06937
"exness","EURUSD","2023-06-05 01:22:20.293Z",1.06932,1.06938
"exness","EURUSD","2023-06-05 01:22:21.345Z",1.06933,1.06939
"exness","EURUSD","2023-06-05 01:22:22.234Z",1.06931,1.06938
"exness","EURUSD","2023-06-05 01:22:23.120Z",1.06933,1.06938
"exness","EURUSD","2023-06-05 01:22:27.034Z",1.06934,1.0694
"exness","EURUSD","2023-06-05 01:22:28.059Z",1.06935,1.06942
"exness","EURUSD","2023-06-05 01:22:28.710Z",1.06935,1.0694
"exness","EURUSD","2023-06-05 01:22:28.735Z",1.06933,1.06939
"exness","EURUSD","2023-06-05 01:22:28.779Z",1.06933,1.06938
"exness","EURUSD","2023-06-05 01:22:29.959Z",1.06931,1.06938
"exness","EURUSD","2023-06-05 01:22:32.281Z",1.06933,1.06939
"exness","EURUSD","2023-06-05 01:22:36.578Z",1.0693,1.06937
"exness","EURUSD","2023-06-05 01:22:36.830Z",1.06929,1.06935
"exness","EURUSD","2023-06-05 01:22:38.474Z",1.06929,1.06934
"exness","EURUSD","2023-06-05 01:22:39.298Z",1.06927,1.06933
"exness","EURUSD","2023-06-05 01:22:45.115Z",1.06929,1.06935
"exness","EURUSD","2023-06-05 01:22:49.520Z",1.0693,1.06937
"exness","EURUSD","2023-06-05 01:22:51.751Z",1.06932,1.06937
"exness","EURUSD","2023-06-05 01:22:53.893Z",1.06931,1.06937
"exness","EURUSD","2023-06-05 01:23:03.664Z",1.06928,1.06935
"exness","EURUSD","2023-06-05 01:23:03.777Z",1.06927,1.06933
"exness","EURUSD","2023-06-05 01:23:11.071Z",1.06929,1.06935
"exness","EURUSD","2023-06-05 01:23:12.381Z",1.06929,1.06934
"exness","EURUSD","2023-06-05 01:23:15.507Z",1.06929,1.06935
"exness","EURUSD","2023-06-05 01:23:19.375Z",1.06928,1.06934
"exness","EURUSD","2023-06-05 01:23:20.590Z",1.06927,1.06933
"exness","EURUSD","2023-06-05 01:23:22.160Z",1.06928,1.06933
"exness","EURUSD","2023-06-05 01:23:31.618Z",1.06926,1.06933
"exness","EURUSD","2023-06-05 01:23:36.422Z",1.06929,1.06934
"exness","EURUSD","2023-06-05 01:23:44.318Z",1.06926,1.06933
"exness","EURUSD","2023-06-05 01:23:44.527Z",1.06925,1.06931
"exness","EURUSD","2023-06-05 01:23:45.268Z",1.06924,1.06929
"exness","EURUSD","2023-06-05 01:23:47.684Z",1.06922,1.06928
"exness","EURUSD","2023-06-05 01:23:48.712Z",1.06921,1.06927
"exness","EURUSD","2023-06-05 01:23:51.448Z",1.0692,1.06926
"exness","EURUSD","2023-06-05 01:23:55.094Z",1.06921,1.06927
"exness","EURUSD","2023-06-05 01:23:55.667Z",1.06923,1.06929
"exness","EURUSD","2023-06-05 01:23:56.832Z",1.06924,1.0693
"exness","EURUSD","2023-06-05 01:23:57.694Z",1.06925,1.06932
"exness","EURUSD","2023-06-05 01:23:58.081Z",1.06927,1.06933
"exness","EURUSD","2023-06-05 01:24:02.939Z",1.06929,1.06935
"exness","EURUSD","2023-06-05 01:24:10.339Z",1.0693,1.06937
"exness","EURUSD","2023-06-05 01:24:10.385Z",1.06932,1.06938
"exness","EURUSD","2023-06-05 01:24:10.429Z",1.06933,1.0694
"exness","EURUSD","2023-06-05 01:24:17.073Z",1.06935,1.06942
"exness","EURUSD","2023-06-05 01:24:21.224Z",1.06937,1.06943
"exness","EURUSD","2023-06-05 01:24:22.525Z",1.06937,1.06942
"exness","EURUSD","2023-06-05 01:24:31.106Z",1.06937,1.06944
"exness","EURUSD","2023-06-05 01:24:32.266Z",1.06936,1.06942
"exness","EURUSD","2023-06-05 01:24:36.059Z",1.06934,1.0694
"exness","EURUSD","2023-06-05 01:24:36.112Z",1.06933,1.06939
"exness","EURUSD","2023-06-05 01:24:43.434Z",1.06934,1.0694
"exness","EURUSD","2023-06-05 01:24:47.416Z",1.06935,1.06941
"exness","EURUSD","2023-06-05 01:24:49.647Z",1.06936,1.06942
"exness","EURUSD","2023-06-05 01:25:00.218Z",1.06938,1.06944
"exness","EURUSD","2023-06-05 01:25:02.269Z",1.06939,1.06944
"exness","EURUSD","2023-06-05 01:25:02.545Z",1.06939,1.06946
"exness","EURUSD","2023-06-05 01:25:06.732Z",1.06937,1.06944
"exness","EURUSD","2023-06-05 01:25:06.749Z",1.06936,1.06942
"exness","EURUSD","2023-06-05 01:25:14.505Z",1.06938,1.06944
"exness","EURUSD","2023-06-05 01:25:15.742Z",1.06939,1.06945
"exness","EURUSD","2023-06-05 01:25:16.776Z",1.0694,1.06946
"exness","EURUSD","2023-06-05 01:25:17.801Z",1.06939,1.06945
"exness","EURUSD","2023-06-05 01:25:19.999Z",1.06937,1.06944
"exness","EURUSD","2023-06-05 01:25:20.448Z",1.06939,1.06945
"exness","EURUSD","2023-06-05 01:25:20.457Z",1.0694,1.06947
"exness","EURUSD","2023-06-05 01:25:27.070Z",1.06942,1.06947
"exness","EURUSD","2023-06-05 01:25:45.064Z",1.06939,1.06945
"exness","EURUSD","2023-06-05 01:25:45.110Z",1.06938,1.06944
"exness","EURUSD","2023-06-05 01:25:46.061Z",1.06937,1.06942
"exness","EURUSD","2023-06-05 01:25:46.430Z",1.06936,1.06942
"exness","EURUSD","2023-06-05 01:25:46.594Z",1.06934,1.0694
"exness","EURUSD","2023-06-05 01:25:51.561Z",1.06932,1.06938
"exness","EURUSD","2023-06-05 01:25:55.143Z",1.0693,1.06937
"exness","EURUSD","2023-06-05 01:25:57.392Z",1.06929,1.06935
"exness","EURUSD","2023-06-05 01:26:03.878Z",1.0693,1.06936
"exness","EURUSD","2023-06-05 01:26:04.110Z",1.06932,1.06938
"exness","EURUSD","2023-06-05 01:26:04.176Z",1.06934,1.06939
"exness","EURUSD","2023-06-05 01:26:04.189Z",1.06934,1.06941
"exness","EURUSD","2023-06-05 01:26:04.764Z",1.06933,1.06939
"exness","EURUSD","2023-06-05 01:26:06.515Z",1.06932,1.06938
"exness","EURUSD","2023-06-05 01:26:10.264Z",1.06933,1.06939
"exness","EURUSD","2023-06-05 01:26:10.823Z",1.06935,1.0694
"exness","EURUSD","2023-06-05 01:26:10.968Z",1.06935,1.06942
"exness","EURUSD","2023-06-05 01:26:11.170Z",1.06937,1.06943
"exness","EURUSD","2023-06-05 01:26:13.064Z",1.06936,1.06941
"exness","EURUSD","2023-06-05 01:26:15.781Z",1.06936,1.06942
"exness","EURUSD","2023-06-05 01:26:22.894Z",1.06938,1.06943
"exness","EURUSD","2023-06-05 01:26:23.822Z",1.06939,1.06945
"exness","EURUSD","2023-06-05 01:26:38.561Z",1.0694,1.06945
"exness","EURUSD","2023-06-05 01:26:41.716Z",1.06938,1.06944
"exness","EURUSD","2023-06-05 01:26:41.854Z",1.06936,1.06943
"exness","EURUSD","2023-06-05 01:26:52.543Z",1.06936,1.06941
"exness","EURUSD","2023-06-05 01:26:55.148Z",1.06934,1.0694
"exness","EURUSD","2023-06-05 01:26:55.583Z",1.06933,1.06938
"exness","EURUSD","2023-06-05 01:26:56.652Z",1.06932,1.06938
