"Exness","Symbol","Timestamp","Bid","Ask"
"exness","EURUSD","2023-06-14 00:00:00.198Z",1.07893,1.079
"exness","EURUSD","2023-06-14 00:00:02.357Z",1.07895,1.079
"exness","EURUSD","2023-06-14 00:00:04.640Z",1.07895,1.07901
"exness","EURUSD","2023-06-14 00:00:07.868Z",1.07894,1.079
"exness","EURUSD","2023-06-14 00:00:07.888Z",1.07892,1.0789900000000001
"exness","EURUSD","2023-06-14 00:00:08.727Z",1.07894,1.079
"exness","EURUSD","2023-06-14 00:00:10.897Z",1.07896,1.07901
"exness","EURUSD","2023-06-14 00:00:10.953Z",1.07896,1.07903
"exness","EURUSD","2023-06-14 00:00:32.102Z",1.07898,1.07904
"exness","EURUSD","2023-06-14 00:00:53.057Z",1.0789900000000001,1.07904
"exness","EURUSD","2023-06-14 00:00:56.602Z",1.0789900000000001,1.07906
"exness","EURUSD","2023-06-14 00:00:58.446Z",1.07897,1.07903
"exness","EURUSD","2023-06-14 00:00:59.444Z",1.07898,1.07905
"exness","EURUSD","2023-06-14 00:01:04.668Z",1.07897,1.07903
"exness","EURUSD","2023-06-14 00:01:04.725Z",1.07895,1.07901
"exness","EURUSD","2023-06-14 00:01:05.110Z",1.07895,1.079
"exness","EURUSD","2023-06-14 00:01:06.119Z",1.07894,1.079
"exness","EURUSD","2023-06-14 00:01:12.947Z",1.07891,1.07898
"exness","EURUSD","2023-06-14 00:01:13.069Z",1.07891,1.07896
"exness","EURUSD","2023-06-14 00:01:13.970Z",1.07891,1.07898
"exness","EURUSD","2023-06-14 00:01:15.092Z",1.07893,1.0789900000000001
"exness","EURUSD","2023-06-14 00:01:35.611Z",1.07891,1.07897
"exness","EURUSD","2023-06-14 00:01:36.617Z",1.0789,1.07896
"exness","EURUSD","2023-06-14 00:01:56.076Z",1.07888,1.07894
"exness","EURUSD","2023-06-14 00:02:02.845Z",1.07886,1.07893
"exness","EURUSD","2023-06-14 00:02:03.720Z",1.07886,1.07891
"exness","EURUSD","2023-06-14 00:02:06.651Z",1.07883,1.0789
"exness","EURUSD","2023-06-14 00:02:08.896Z",1.07883,1.07888
"exness","EURUSD","2023-06-14 00:02:12.372Z",1.07881,1.07887
"exness","EURUSD","2023-06-14 00:02:13.539Z",1.0788,1.07886
"exness","EURUSD","2023-06-14 00:02:13.633Z",1.07878,1.07885
"exness","EURUSD","2023-06-14 00:02:14.839Z",1.0788,1.07885
"exness","EURUSD","2023-06-14 00:02:14.961Z",1.07878,1.07884
"exness","EURUSD","2023-06-14 00:02:14.986Z",1.07876,1.07883
"exness","EURUSD","2023-06-14 00:02:15.402Z",1.07876,1.07881
"exness","EURUSD","2023-06-14 00:02:15.462Z",1.07874,1.0788
"exness","EURUSD","2023-06-14 00:02:15.482Z",1.07872,1.07879
"exness","EURUSD","2023-06-14 00:02:15.863Z",1.07872,1.07877
"exness","EURUSD","2023-06-14 00:02:20.077Z",1.07872,1.07878
"exness","EURUSD","2023-06-14 00:02:21.110Z",1.07873,1.0788
"exness","EURUSD","2023-06-14 00:02:27.156Z",1.07871,1.07877
"exness","EURUSD","2023-06-14 00:02:28.786Z",1.07873,1.07878
"exness","EURUSD","2023-06-14 00:02:28.917Z",1.07873,1.07879
"exness","EURUSD","2023-06-14 00:02:30.130Z",1.07874,1.07881
"exness","EURUSD","2023-06-14 00:02:44.548Z",1.07876,1.07881
"exness","EURUSD","2023-06-14 00:02:44.563Z",1.07877,1.07883
"exness","EURUSD","2023-06-14 00:02:44.597Z",1.07878,1.07885
"exness","EURUSD","2023-06-14 00:02:44.631Z",1.0788,1.07886
"exness","EURUSD","2023-06-14 00:02:52.242Z",1.07878,1.07884
"exness","EURUSD","2023-06-14 00:03:02.018Z",1.07879,1.07886
"exness","EURUSD","2023-06-14 00:03:06.107Z",1.07879,1.07884
"exness","EURUSD","2023-06-14 00:03:07.467Z",1.07878,1.07884
"exness","EURUSD","2023-06-14 00:03:07.693Z",1.07876,1.07882
"exness","EURUSD","2023-06-14 00:03:08.396Z",1.07876,1.07881
"exness","EURUSD","2023-06-14 00:03:08.404Z",1.07874,1.07881
"exness","EURUSD","2023-06-14 00:03:08.469Z",1.07873,1.07879
"exness","EURUSD","2023-06-14 00:03:11.936Z",1.07871,1.07878
"exness","EURUSD","2023-06-14 00:03:12.251Z",1.07871,1.07876
"exness","EURUSD","2023-06-14 00:03:14.784Z",1.0787,1.07876
"exness","EURUSD","2023-06-14 00:03:20.226Z",1.07869,1.07874
"exness","EURUSD","2023-06-14 00:03:22.179Z",1.07868,1.07874
"exness","EURUSD","2023-06-14 00:03:22.271Z",1.07866,1.07872
"exness","EURUSD","2023-06-14 00:03:24.394Z",1.07866,1.07871
"exness","EURUSD","2023-06-14 00:03:31.590Z",1.07864,1.0787
"exness","EURUSD","2023-06-14 00:03:34.481Z",1.07862,1.07868
"exness","EURUSD","2023-06-14 00:03:35.681Z",1.07862,1.07867
"exness","EURUSD","2023-06-14 00:03:41.635Z",1.0786,1.07866
"exness","EURUSD","2023-06-14 00:03:47.710Z",1.07861,1.07867
"exness","EURUSD","2023-06-14 00:03:48.626Z",1.07863,1.07868
"exness","EURUSD","2023-06-14 00:03:56.931Z",1.07861,1.07867
"exness","EURUSD","2023-06-14 00:03:59.976Z",1.07861,1.07866
"exness","EURUSD","2023-06-14 00:04:08.947Z",1.07859,1.07865
"exness","EURUSD","2023-06-14 00:04:08.989Z",1.07857,1.07863
"exness","EURUSD","2023-06-14 00:04:09.037Z",1.07855,1.07862
"exness","EURUSD","2023-06-14 00:04:09.449Z",1.07857,1.07862
"exness","EURUSD","2023-06-14 00:04:10.536Z",1.07857,1.07864
"exness","EURUSD","2023-06-14 00:04:15.521Z",1.07856,1.07862
"exness","EURUSD","2023-06-14 00:04:15.632Z",1.07858,1.07864
"exness","EURUSD","2023-06-14 00:04:19.833Z",1.07859,1.07864
"exness","EURUSD","2023-06-14 00:04:33.678Z",1.0786,1.07866
"exness","EURUSD","2023-06-14 00:04:33.845Z",1.07861,1.07867
"exness","EURUSD","2023-06-14 00:04:38.205Z",1.07862,1.07868
"exness","EURUSD","2023-06-14 00:04:41.251Z",1.0786,1.07866
"exness","EURUSD","2023-06-14 00:04:45.979Z",1.07861,1.07868
"exness","EURUSD","2023-06-14 00:04:47.921Z",1.07863,1.07869
"exness","EURUSD","2023-06-14 00:04:54.169Z",1.07864,1.07869
"exness","EURUSD","2023-06-14 00:04:54.326Z",1.07865,1.07871
"exness","EURUSD","2023-06-14 00:04:55.418Z",1.07866,1.07872
"exness","EURUSD","2023-06-14 00:04:55.475Z",1.07867,1.07874
"exness","EURUSD","2023-06-14 00:04:58.182Z",1.07869,1.07874
"exness","EURUSD","2023-06-14 00:04:58.754Z",1.0787,1.07875
"exness","EURUSD","2023-06-14 00:04:59.604Z",1.0787,1.07877
"exness","EURUSD","2023-06-14 00:04:59.637Z",1.07872,1.07878
"exness","EURUSD","2023-06-14 00:04:59.750Z",1.07873,1.0788
"exness","EURUSD","2023-06-14 00:05:00.237Z",1.07875,1.0788
"exness","EURUSD","2023-06-14 00:05:00.923Z",1.07873,1.0788
"exness","EURUSD","2023-06-14 00:05:20.650Z",1.07875,1.07881
"exness","EURUSD","2023-06-14 00:05:22.673Z",1.07876,1.07882
"exness","EURUSD","2023-06-14 00:05:22.857Z",1.07877,1.07883
"exness","EURUSD","2023-06-14 00:05:34.338Z",1.07876,1.07882
"exness","EURUSD","2023-06-14 00:05:34.460Z",1.07874,1.07881
"exness","EURUSD","2023-06-14 00:05:45.480Z",1.07876,1.07882
"exness","EURUSD","2023-06-14 00:05:55.650Z",1.07874,1.0788
"exness","EURUSD","2023-06-14 00:05:58.059Z",1.07874,1.07879
"exness","EURUSD","2023-06-14 00:06:01.245Z",1.07874,1.0788
"exness","EURUSD","2023-06-14 00:06:05.134Z",1.07876,1.07882
"exness","EURUSD","2023-06-14 00:06:09.918Z",1.07877,1.07884
"exness","EURUSD","2023-06-14 00:06:09.956Z",1.07879,1.07885
"exness","EURUSD","2023-06-14 00:06:13.642Z",1.07879,1.07884
"exness","EURUSD","2023-06-14 00:06:21.651Z",1.07876,1.07883
"exness","EURUSD","2023-06-14 00:06:31.623Z",1.07878,1.07884
"exness","EURUSD","2023-06-14 00:06:32.593Z",1.0788,1.07885
"exness","EURUSD","2023-06-14 00:06:34.901Z",1.07879,1.07885
"exness","EURUSD","2023-06-14 00:06:45.810Z",1.0788,1.07886
"exness","EURUSD","2023-06-14 00:07:04.854Z",1.07878,1.07884
"exness","EURUSD","2023-06-14 00:07:05.072Z",1.07877,1.07883
"exness","EURUSD","2023-06-14 00:07:05.298Z",1.07876,1.07881
"exness","EURUSD","2023-06-14 00:07:06.320Z",1.07875,1.07881
"exness","EURUSD","2023-06-14 00:07:22.029Z",1.07873,1.0788
"exness","EURUSD","2023-06-14 00:07:22.047Z",1.07872,1.07878
"exness","EURUSD","2023-06-14 00:07:22.407Z",1.07872,1.07877
"exness","EURUSD","2023-06-14 00:07:40.358Z",1.07872,1.07879
"exness","EURUSD","2023-06-14 00:07:40.428Z",1.07874,1.0788
"exness","EURUSD","2023-06-14 00:07:45.074Z",1.07872,1.07878
"exness","EURUSD","2023-06-14 00:07:47.208Z",1.07871,1.07877
"exness","EURUSD","2023-06-14 00:08:08.508Z",1.07872,1.07878
"exness","EURUSD","2023-06-14 00:08:11.495Z",1.07871,1.07877
"exness","EURUSD","2023-06-14 00:08:21.989Z",1.07872,1.07877
"exness","EURUSD","2023-06-14 00:08:24.298Z",1.07871,1.07877
"exness","EURUSD","2023-06-14 00:08:46.264Z",1.07868,1.07875
"exness","EURUSD","2023-06-14 00:08:50.306Z",1.07871,1.07877
"exness","EURUSD","2023-06-14 00:09:05.300Z",1.07873,1.07879
"exness","EURUSD","2023-06-14 00:09:05.334Z",1.07874,1.0788
"exness","EURUSD","2023-06-14 00:09:06.432Z",1.07873,1.07879
"exness","EURUSD","2023-06-14 00:09:07.261Z",1.07873,1.07878
"exness","EURUSD","2023-06-14 00:09:16.986Z",1.07871,1.07877
"exness","EURUSD","2023-06-14 00:09:18.168Z",1.07869,1.07875
"exness","EURUSD","2023-06-14 00:09:18.227Z",1.07868,1.07874
"exness","EURUSD","2023-06-14 00:09:19.781Z",1.07868,1.07873
"exness","EURUSD","2023-06-14 00:09:19.819Z",1.07866,1.07872
"exness","EURUSD","2023-06-14 00:09:19.883Z",1.07866,1.07871
"exness","EURUSD","2023-06-14 00:09:21.823Z",1.07864,1.0787
"exness","EURUSD","2023-06-14 00:09:24.152Z",1.07865,1.0787
"exness","EURUSD","2023-06-14 00:09:27.984Z",1.07864,1.0787
"exness","EURUSD","2023-06-14 00:09:42.611Z",1.07865,1.07871
"exness","EURUSD","2023-06-14 00:09:53.538Z",1.07867,1.07873
"exness","EURUSD","2023-06-14 00:09:53.577Z",1.07868,1.07874
"exness","EURUSD","2023-06-14 00:09:53.646Z",1.0787,1.07876
"exness","EURUSD","2023-06-14 00:10:04.526Z",1.07872,1.07878
"exness","EURUSD","2023-06-14 00:10:09.285Z",1.07874,1.0788
"exness","EURUSD","2023-06-14 00:10:10.208Z",1.07876,1.07881
"exness","EURUSD","2023-06-14 00:10:23.154Z",1.07877,1.07883
"exness","EURUSD","2023-06-14 00:10:23.174Z",1.07879,1.07885
"exness","EURUSD","2023-06-14 00:10:25.578Z",1.07879,1.07884
"exness","EURUSD","2023-06-14 00:10:27.904Z",1.07879,1.07885
"exness","EURUSD","2023-06-14 00:10:28.745Z",1.07878,1.07884
"exness","EURUSD","2023-06-14 00:10:30.636Z",1.07876,1.07883
"exness","EURUSD","2023-06-14 00:10:31.335Z",1.07876,1.07881
"exness","EURUSD","2023-06-14 00:10:31.418Z",1.07874,1.0788
"exness","EURUSD","2023-06-14 00:10:31.448Z",1.07873,1.07879
"exness","EURUSD","2023-06-14 00:10:31.504Z",1.07871,1.07877
"exness","EURUSD","2023-06-14 00:10:33.790Z",1.07871,1.07876
"exness","EURUSD","2023-06-14 00:10:33.910Z",1.07872,1.07878
"exness","EURUSD","2023-06-14 00:10:36.559Z",1.07873,1.07878
"exness","EURUSD","2023-06-14 00:10:40.815Z",1.07873,1.07879
"exness","EURUSD","2023-06-14 00:10:40.843Z",1.07874,1.07881
"exness","EURUSD","2023-06-14 00:10:41.585Z",1.07876,1.07881
"exness","EURUSD","2023-06-14 00:10:46.931Z",1.07874,1.0788
"exness","EURUSD","2023-06-14 00:11:00.481Z",1.07875,1.0788
"exness","EURUSD","2023-06-14 00:11:21.790Z",1.07876,1.07882
"exness","EURUSD","2023-06-14 00:11:21.957Z",1.07877,1.07884
"exness","EURUSD","2023-06-14 00:11:22.001Z",1.07879,1.07885
"exness","EURUSD","2023-06-14 00:11:22.365Z",1.07881,1.07886
"exness","EURUSD","2023-06-14 00:11:23.620Z",1.07881,1.07887
"exness","EURUSD","2023-06-14 00:11:40.289Z",1.07882,1.07888
"exness","EURUSD","2023-06-14 00:11:40.609Z",1.07884,1.0789
"exness","EURUSD","2023-06-14 00:11:49.213Z",1.07886,1.07892
"exness","EURUSD","2023-06-14 00:11:51.486Z",1.07884,1.07891
"exness","EURUSD","2023-06-14 00:11:51.522Z",1.07883,1.07889
"exness","EURUSD","2023-06-14 00:11:53.269Z",1.07883,1.07888
"exness","EURUSD","2023-06-14 00:11:53.954Z",1.07881,1.07888
"exness","EURUSD","2023-06-14 00:11:56.916Z",1.07881,1.07886
"exness","EURUSD","2023-06-14 00:11:59.977Z",1.0788,1.07886
"exness","EURUSD","2023-06-14 00:12:35.847Z",1.07877,1.07884
"exness","EURUSD","2023-06-14 00:12:38.599Z",1.07879,1.07885
"exness","EURUSD","2023-06-14 00:12:41.803Z",1.0788,1.07886
"exness","EURUSD","2023-06-14 00:12:53.070Z",1.07878,1.07884
"exness","EURUSD","2023-06-14 00:12:54.478Z",1.07876,1.07882
"exness","EURUSD","2023-06-14 00:13:00.900Z",1.07875,1.07881
"exness","EURUSD","2023-06-14 00:13:00.920Z",1.07873,1.0788
"exness","EURUSD","2023-06-14 00:13:06.924Z",1.07873,1.07878
"exness","EURUSD","2023-06-14 00:13:07.482Z",1.07871,1.07878
"exness","EURUSD","2023-06-14 00:13:07.561Z",1.07871,1.07876
"exness","EURUSD","2023-06-14 00:13:17.587Z",1.07872,1.07878
"exness","EURUSD","2023-06-14 00:13:18.838Z",1.07873,1.07879
"exness","EURUSD","2023-06-14 00:13:20.498Z",1.07875,1.0788
"exness","EURUSD","2023-06-14 00:13:22.203Z",1.07874,1.0788
"exness","EURUSD","2023-06-14 00:13:22.369Z",1.07873,1.07878
"exness","EURUSD","2023-06-14 00:13:22.507Z",1.07873,1.0788
"exness","EURUSD","2023-06-14 00:13:22.626Z",1.07872,1.07878
"exness","EURUSD","2023-06-14 00:13:25.548Z",1.07871,1.07877
"exness","EURUSD","2023-06-14 00:13:27.035Z",1.07869,1.07876
"exness","EURUSD","2023-06-14 00:13:31.964Z",1.07868,1.07874
"exness","EURUSD","2023-06-14 00:13:32.003Z",1.07867,1.07873
"exness","EURUSD","2023-06-14 00:14:01.834Z",1.07869,1.07875
"exness","EURUSD","2023-06-14 00:14:02.741Z",1.0787,1.07876
"exness","EURUSD","2023-06-14 00:14:21.249Z",1.07869,1.07875
"exness","EURUSD","2023-06-14 00:14:21.675Z",1.07868,1.07873
"exness","EURUSD","2023-06-14 00:14:47.090Z",1.07867,1.07873
"exness","EURUSD","2023-06-14 00:14:50.368Z",1.07865,1.07872
"exness","EURUSD","2023-06-14 00:14:58.112Z",1.07864,1.0787
"exness","EURUSD","2023-06-14 00:15:00.215Z",1.07863,1.07869
"exness","EURUSD","2023-06-14 00:15:06.349Z",1.07864,1.0787
"exness","EURUSD","2023-06-14 00:15:10.139Z",1.07864,1.07869
"exness","EURUSD","2023-06-14 00:15:13.385Z",1.07863,1.07869
"exness","EURUSD","2023-06-14 00:15:15.189Z",1.07864,1.07871
"exness","EURUSD","2023-06-14 00:15:18.781Z",1.07866,1.07871
"exness","EURUSD","2023-06-14 00:15:32.998Z",1.07867,1.07872
"exness","EURUSD","2023-06-14 00:15:37.952Z",1.07867,1.07873
"exness","EURUSD","2023-06-14 00:15:46.493Z",1.07866,1.07872
"exness","EURUSD","2023-06-14 00:15:53.948Z",1.07868,1.07873
"exness","EURUSD","2023-06-14 00:15:59.209Z",1.07869,1.07875
"exness","EURUSD","2023-06-14 00:16:00.211Z",1.0787,1.07877
"exness","EURUSD","2023-06-14 00:16:02.054Z",1.07872,1.07877
"exness","EURUSD","2023-06-14 00:16:03.777Z",1.07872,1.07878
"exness","EURUSD","2023-06-14 00:16:03.797Z",1.07873,1.0788
"exness","EURUSD","2023-06-14 00:16:05.112Z",1.07876,1.07881
"exness","EURUSD","2023-06-14 00:16:08.147Z",1.07875,1.07882
"exness","EURUSD","2023-06-14 00:16:17.523Z",1.07878,1.07884
"exness","EURUSD","2023-06-14 00:16:18.311Z",1.07879,1.07886
"exness","EURUSD","2023-06-14 00:16:18.998Z",1.07881,1.07886
"exness","EURUSD","2023-06-14 00:16:21.372Z",1.07881,1.07887
"exness","EURUSD","2023-06-14 00:16:21.465Z",1.07883,1.07889
"exness","EURUSD","2023-06-14 00:16:32.968Z",1.07883,1.07888
"exness","EURUSD","2023-06-14 00:16:33.110Z",1.07883,1.07889
"exness","EURUSD","2023-06-14 00:16:43.302Z",1.07885,1.0789
"exness","EURUSD","2023-06-14 00:16:46.706Z",1.07885,1.07891
"exness","EURUSD","2023-06-14 00:16:47.101Z",1.07887,1.07892
"exness","EURUSD","2023-06-14 00:16:51.147Z",1.07888,1.07894
"exness","EURUSD","2023-06-14 00:16:57.251Z",1.0789,1.07895
"exness","EURUSD","2023-06-14 00:16:58.166Z",1.07891,1.07897
"exness","EURUSD","2023-06-14 00:17:06.890Z",1.07893,1.0789900000000001
"exness","EURUSD","2023-06-14 00:17:07.689Z",1.07894,1.0789900000000001
"exness","EURUSD","2023-06-14 00:17:07.821Z",1.07895,1.07901
"exness","EURUSD","2023-06-14 00:17:26.214Z",1.07897,1.07903
"exness","EURUSD","2023-06-14 00:17:28.432Z",1.07898,1.07905
"exness","EURUSD","2023-06-14 00:17:29.825Z",1.07897,1.07903
"exness","EURUSD","2023-06-14 00:17:30.044Z",1.07896,1.07901
"exness","EURUSD","2023-06-14 00:17:42.519Z",1.07897,1.07903
"exness","EURUSD","2023-06-14 00:17:44.622Z",1.0789900000000001,1.07905
"exness","EURUSD","2023-06-14 00:17:44.764Z",1.079,1.07907
"exness","EURUSD","2023-06-14 00:18:06.091Z",1.0789900000000001,1.07905
"exness","EURUSD","2023-06-14 00:18:06.115Z",1.07897,1.07904
"exness","EURUSD","2023-06-14 00:18:07.230Z",1.07896,1.07902
"exness","EURUSD","2023-06-14 00:18:11.484Z",1.07898,1.07904
"exness","EURUSD","2023-06-14 00:18:11.506Z",1.079,1.07905
"exness","EURUSD","2023-06-14 00:18:12.568Z",1.079,1.07906
"exness","EURUSD","2023-06-14 00:18:13.573Z",1.07901,1.07907
"exness","EURUSD","2023-06-14 00:18:14.300Z",1.07903,1.0790899999999999
"exness","EURUSD","2023-06-14 00:18:14.310Z",1.07904,1.07911
"exness","EURUSD","2023-06-14 00:18:18.613Z",1.07905,1.07912
"exness","EURUSD","2023-06-14 00:18:19.911Z",1.07907,1.07913
"exness","EURUSD","2023-06-14 00:18:24.633Z",1.07907,1.07912
"exness","EURUSD","2023-06-14 00:19:08.696Z",1.07907,1.07913
"exness","EURUSD","2023-06-14 00:19:12.717Z",1.07908,1.07915
"exness","EURUSD","2023-06-14 00:19:22.231Z",1.07907,1.07913
"exness","EURUSD","2023-06-14 00:19:48.003Z",1.0790899999999999,1.07915
"exness","EURUSD","2023-06-14 00:19:48.055Z",1.07911,1.07917
"exness","EURUSD","2023-06-14 00:19:48.109Z",1.07912,1.07919
"exness","EURUSD","2023-06-14 00:19:48.502Z",1.07914,1.0792
"exness","EURUSD","2023-06-14 00:19:48.623Z",1.07916,1.07921
"exness","EURUSD","2023-06-14 00:19:51.149Z",1.07914,1.0792
"exness","EURUSD","2023-06-14 00:19:53.615Z",1.07916,1.07922
"exness","EURUSD","2023-06-14 00:19:53.769Z",1.07918,1.07924
"exness","EURUSD","2023-06-14 00:19:53.812Z",1.07917,1.07922
"exness","EURUSD","2023-06-14 00:19:54.840Z",1.07916,1.07922
"exness","EURUSD","2023-06-14 00:19:55.814Z",1.07917,1.07922
"exness","EURUSD","2023-06-14 00:19:57.887Z",1.07916,1.07922
"exness","EURUSD","2023-06-14 00:20:01.855Z",1.07918,1.07923
"exness","EURUSD","2023-06-14 00:20:03.333Z",1.07916,1.07922
"exness","EURUSD","2023-06-14 00:20:15.844Z",1.07916,1.07921
"exness","EURUSD","2023-06-14 00:20:23.728Z",1.07915,1.07921
"exness","EURUSD","2023-06-14 00:20:40.627Z",1.07914,1.0792
"exness","EURUSD","2023-06-14 00:20:40.669Z",1.07912,1.07918
"exness","EURUSD","2023-06-14 00:20:41.601Z",1.07911,1.07917
"exness","EURUSD","2023-06-14 00:20:42.458Z",1.0791,1.07915
"exness","EURUSD","2023-06-14 00:20:51.346Z",1.0791,1.07917
"exness","EURUSD","2023-06-14 00:20:56.963Z",1.0791,1.07915
"exness","EURUSD","2023-06-14 00:20:56.999Z",1.0790899999999999,1.07915
"exness","EURUSD","2023-06-14 00:21:01.015Z",1.0791,1.07915
"exness","EURUSD","2023-06-14 00:21:07.183Z",1.0790899999999999,1.07915
"exness","EURUSD","2023-06-14 00:21:19.925Z",1.07907,1.07914
"exness","EURUSD","2023-06-14 00:21:19.938Z",1.07906,1.07912
"exness","EURUSD","2023-06-14 00:21:20.016Z",1.07904,1.07911
"exness","EURUSD","2023-06-14 00:21:23.621Z",1.07903,1.0790899999999999
"exness","EURUSD","2023-06-14 00:21:23.702Z",1.07902,1.07907
"exness","EURUSD","2023-06-14 00:21:27.862Z",1.07901,1.07907
"exness","EURUSD","2023-06-14 00:21:29.361Z",1.07903,1.0790899999999999
"exness","EURUSD","2023-06-14 00:21:29.839Z",1.07905,1.0791
"exness","EURUSD","2023-06-14 00:21:33.961Z",1.07903,1.0790899999999999
"exness","EURUSD","2023-06-14 00:21:36.407Z",1.07905,1.07911
"exness","EURUSD","2023-06-14 00:21:37.425Z",1.07903,1.0791
"exness","EURUSD","2023-06-14 00:21:43.455Z",1.07903,1.07908
"exness","EURUSD","2023-06-14 00:21:52.455Z",1.07901,1.07908
"exness","EURUSD","2023-06-14 00:21:55.490Z",1.0789900000000001,1.07906
"exness","EURUSD","2023-06-14 00:21:55.818Z",1.07898,1.07904
"exness","EURUSD","2023-06-14 00:22:00.753Z",1.0789900000000001,1.07905
"exness","EURUSD","2023-06-14 00:22:09.414Z",1.07901,1.07907
"exness","EURUSD","2023-06-14 00:22:14.027Z",1.0789900000000001,1.07906
"exness","EURUSD","2023-06-14 00:22:22.487Z",1.07901,1.07907
"exness","EURUSD","2023-06-14 00:22:23.540Z",1.07902,1.0790899999999999
"exness","EURUSD","2023-06-14 00:22:23.690Z",1.07905,1.0791
"exness","EURUSD","2023-06-14 00:22:23.702Z",1.07905,1.07911
"exness","EURUSD","2023-06-14 00:22:32.635Z",1.07907,1.07912
"exness","EURUSD","2023-06-14 00:22:32.664Z",1.07908,1.07914
"exness","EURUSD","2023-06-14 00:22:32.813Z",1.0791,1.07915
"exness","EURUSD","2023-06-14 00:22:32.924Z",1.0791,1.07916
"exness","EURUSD","2023-06-14 00:22:35.740Z",1.07912,1.07917
"exness","EURUSD","2023-06-14 00:22:43.068Z",1.0791,1.07916
"exness","EURUSD","2023-06-14 00:22:43.899Z",1.0790899999999999,1.07914
"exness","EURUSD","2023-06-14 00:22:43.914Z",1.07907,1.07914
"exness","EURUSD","2023-06-14 00:22:44.029Z",1.07907,1.07912
"exness","EURUSD","2023-06-14 00:22:44.121Z",1.07908,1.07914
"exness","EURUSD","2023-06-14 00:22:45.911Z",1.0790899999999999,1.07915
"exness","EURUSD","2023-06-14 00:22:46.891Z",1.0791,1.07917
"exness","EURUSD","2023-06-14 00:22:47.930Z",1.07911,1.07918
"exness","EURUSD","2023-06-14 00:22:47.953Z",1.07913,1.07918
"exness","EURUSD","2023-06-14 00:22:47.960Z",1.07914,1.0792
"exness","EURUSD","2023-06-14 00:22:50.376Z",1.07914,1.07919
"exness","EURUSD","2023-06-14 00:23:04.411Z",1.07915,1.07921
"exness","EURUSD","2023-06-14 00:23:14.832Z",1.07916,1.07923
"exness","EURUSD","2023-06-14 00:23:26.124Z",1.07915,1.07921
"exness","EURUSD","2023-06-14 00:23:26.151Z",1.07913,1.0792
"exness","EURUSD","2023-06-14 00:23:26.204Z",1.07912,1.07918
"exness","EURUSD","2023-06-14 00:23:28.387Z",1.07912,1.07917
"exness","EURUSD","2023-06-14 00:23:29.199Z",1.0791,1.07917
"exness","EURUSD","2023-06-14 00:23:32.818Z",1.07912,1.07917
"exness","EURUSD","2023-06-14 00:23:39.910Z",1.07913,1.07919
"exness","EURUSD","2023-06-14 00:23:39.996Z",1.07914,1.07921
"exness","EURUSD","2023-06-14 00:23:41.166Z",1.07916,1.07921
"exness","EURUSD","2023-06-14 00:24:09.507Z",1.07916,1.07922
"exness","EURUSD","2023-06-14 00:24:37.708Z",1.07915,1.07921
"exness","EURUSD","2023-06-14 00:24:38.715Z",1.07914,1.0792
"exness","EURUSD","2023-06-14 00:25:02.373Z",1.07915,1.07921
"exness","EURUSD","2023-06-14 00:25:18.621Z",1.07914,1.0792
"exness","EURUSD","2023-06-14 00:25:18.644Z",1.07912,1.07919
"exness","EURUSD","2023-06-14 00:25:18.686Z",1.07911,1.07917
"exness","EURUSD","2023-06-14 00:25:29.555Z",1.07913,1.0792
"exness","EURUSD","2023-06-14 00:25:31.347Z",1.07915,1.0792
"exness","EURUSD","2023-06-14 00:25:41.671Z",1.07916,1.07922
"exness","EURUSD","2023-06-14 00:25:59.494Z",1.07915,1.07921
"exness","EURUSD","2023-06-14 00:26:06.448Z",1.07917,1.07923
"exness","EURUSD","2023-06-14 00:26:06.477Z",1.07918,1.07925
"exness","EURUSD","2023-06-14 00:26:08.593Z",1.07921,1.07927
"exness","EURUSD","2023-06-14 00:26:09.948Z",1.07922,1.07927
"exness","EURUSD","2023-06-14 00:26:09.983Z",1.07923,1.07929
"exness","EURUSD","2023-06-14 00:26:10.016Z",1.07924,1.0793
"exness","EURUSD","2023-06-14 00:26:10.035Z",1.07926,1.07931
"exness","EURUSD","2023-06-14 00:26:11.100Z",1.07924,1.0793
"exness","EURUSD","2023-06-14 00:26:15.598Z",1.07926,1.07932
"exness","EURUSD","2023-06-14 00:26:18.615Z",1.07924,1.0793
"exness","EURUSD","2023-06-14 00:26:18.632Z",1.07922,1.07928
"exness","EURUSD","2023-06-14 00:26:19.983Z",1.07922,1.07927
"exness","EURUSD","2023-06-14 00:26:22.123Z",1.07922,1.07929
"exness","EURUSD","2023-06-14 00:26:26.101Z",1.07924,1.07931
"exness","EURUSD","2023-06-14 00:26:27.784Z",1.07924,1.07929
"exness","EURUSD","2023-06-14 00:26:27.801Z",1.07923,1.07929
"exness","EURUSD","2023-06-14 00:26:28.832Z",1.07922,1.07928
"exness","EURUSD","2023-06-14 00:27:00.197Z",1.07923,1.07929
"exness","EURUSD","2023-06-14 00:27:00.970Z",1.07922,1.07928
"exness","EURUSD","2023-06-14 00:27:00.986Z",1.0792,1.07926
"exness","EURUSD","2023-06-14 00:27:01.605Z",1.0792,1.07925
"exness","EURUSD","2023-06-14 00:27:09.587Z",1.0792,1.07926
"exness","EURUSD","2023-06-14 00:27:12.223Z",1.07921,1.07927
"exness","EURUSD","2023-06-14 00:27:30.667Z",1.07919,1.07925
"exness","EURUSD","2023-06-14 00:27:30.686Z",1.07918,1.07924
"exness","EURUSD","2023-06-14 00:27:31.698Z",1.07916,1.07922
"exness","EURUSD","2023-06-14 00:27:34.018Z",1.07916,1.07921
"exness","EURUSD","2023-06-14 00:27:46.137Z",1.07914,1.0792
"exness","EURUSD","2023-06-14 00:27:55.535Z",1.07916,1.07921
"exness","EURUSD","2023-06-14 00:28:03.533Z",1.07916,1.07922
"exness","EURUSD","2023-06-14 00:28:18.963Z",1.07914,1.0792
"exness","EURUSD","2023-06-14 00:28:18.992Z",1.07912,1.07919
"exness","EURUSD","2023-06-14 00:28:20.053Z",1.07911,1.07918
"exness","EURUSD","2023-06-14 00:28:30.204Z",1.0790899999999999,1.07916
"exness","EURUSD","2023-06-14 00:28:36.386Z",1.07908,1.07914
"exness","EURUSD","2023-06-14 00:28:37.744Z",1.07908,1.07913
"exness","EURUSD","2023-06-14 00:28:49.929Z",1.07908,1.07915
"exness","EURUSD","2023-06-14 00:28:49.955Z",1.0791,1.07916
"exness","EURUSD","2023-06-14 00:28:50.171Z",1.07912,1.07917
"exness","EURUSD","2023-06-14 00:28:59.071Z",1.07912,1.07918
"exness","EURUSD","2023-06-14 00:29:18.419Z",1.07913,1.07919
"exness","EURUSD","2023-06-14 00:29:20.813Z",1.07915,1.07921
"exness","EURUSD","2023-06-14 00:29:22.895Z",1.07916,1.07922
"exness","EURUSD","2023-06-14 00:29:23.517Z",1.07918,1.07924
"exness","EURUSD","2023-06-14 00:29:38.278Z",1.07916,1.07922
"exness","EURUSD","2023-06-14 00:29:52.328Z",1.07917,1.07924
"exness","EURUSD","2023-06-14 00:29:57.870Z",1.07917,1.07922
"exness","EURUSD","2023-06-14 00:29:59.117Z",1.07917,1.07923
"exness","EURUSD","2023-06-14 00:30:37.155Z",1.07916,1.07922
"exness","EURUSD","2023-06-14 00:30:49.211Z",1.07914,1.0792
"exness","EURUSD","2023-06-14 00:30:49.231Z",1.07913,1.07919
"exness","EURUSD","2023-06-14 00:30:50.236Z",1.07911,1.07918
"exness","EURUSD","2023-06-14 00:31:15.327Z",1.0791,1.07916
"exness","EURUSD","2023-06-14 00:31:32.993Z",1.0790899999999999,1.07915
"exness","EURUSD","2023-06-14 00:31:33.003Z",1.07907,1.07913
"exness","EURUSD","2023-06-14 00:31:33.033Z",1.07906,1.07912
"exness","EURUSD","2023-06-14 00:31:34.229Z",1.07906,1.07911
"exness","EURUSD","2023-06-14 00:31:44.474Z",1.07904,1.0791
"exness","EURUSD","2023-06-14 00:31:44.510Z",1.07902,1.0790899999999999
"exness","EURUSD","2023-06-14 00:31:45.636Z",1.07904,1.0790899999999999
"exness","EURUSD","2023-06-14 00:31:53.390Z",1.07902,1.0790899999999999
"exness","EURUSD","2023-06-14 00:32:02.815Z",1.07901,1.07907
"exness","EURUSD","2023-06-14 00:32:11.042Z",1.07902,1.07908
"exness","EURUSD","2023-06-14 00:32:18.728Z",1.07903,1.0790899999999999
"exness","EURUSD","2023-06-14 00:32:49.156Z",1.07905,1.07911
"exness","EURUSD","2023-06-14 00:33:00.533Z",1.07904,1.0791
"exness","EURUSD","2023-06-14 00:33:03.232Z",1.07905,1.07911
"exness","EURUSD","2023-06-14 00:33:08.234Z",1.07907,1.07913
"exness","EURUSD","2023-06-14 00:33:08.317Z",1.07908,1.07914
"exness","EURUSD","2023-06-14 00:33:08.849Z",1.07908,1.07913
"exness","EURUSD","2023-06-14 00:33:13.026Z",1.07908,1.07914
"exness","EURUSD","2023-06-14 00:33:16.255Z",1.0791,1.07916
"exness","EURUSD","2023-06-14 00:33:17.380Z",1.07907,1.07913
"exness","EURUSD","2023-06-14 00:33:46.448Z",1.07905,1.07912
"exness","EURUSD","2023-06-14 00:33:49.138Z",1.07905,1.0791
"exness","EURUSD","2023-06-14 00:34:01.676Z",1.07903,1.0790899999999999
"exness","EURUSD","2023-06-14 00:34:07.549Z",1.07903,1.07908
"exness","EURUSD","2023-06-14 00:34:11.422Z",1.07901,1.07908
"exness","EURUSD","2023-06-14 00:34:19.101Z",1.079,1.07906
"exness","EURUSD","2023-06-14 00:34:19.137Z",1.0789900000000001,1.07904
"exness","EURUSD","2023-06-14 00:34:20.485Z",1.0789900000000001,1.07906
"exness","EURUSD","2023-06-14 00:34:20.629Z",1.0789900000000001,1.07904
"exness","EURUSD","2023-06-14 00:34:21.114Z",1.07897,1.07903
"exness","EURUSD","2023-06-14 00:34:21.189Z",1.07896,1.07902
"exness","EURUSD","2023-06-14 00:34:21.255Z",1.07894,1.079
"exness","EURUSD","2023-06-14 00:34:25.916Z",1.07893,1.0789900000000001
"exness","EURUSD","2023-06-14 00:34:34.270Z",1.07892,1.07898
"exness","EURUSD","2023-06-14 00:34:43.368Z",1.07893,1.07898
"exness","EURUSD","2023-06-14 00:34:47.545Z",1.07894,1.079
"exness","EURUSD","2023-06-14 00:34:49.750Z",1.07895,1.07902
"exness","EURUSD","2023-06-14 00:35:00.839Z",1.07897,1.07903
"exness","EURUSD","2023-06-14 00:35:00.875Z",1.0789900000000001,1.07905
"exness","EURUSD","2023-06-14 00:35:01.994Z",1.079,1.07906
"exness","EURUSD","2023-06-14 00:35:03.433Z",1.07902,1.07907
"exness","EURUSD","2023-06-14 00:35:11.266Z",1.079,1.07906
"exness","EURUSD","2023-06-14 00:35:12.267Z",1.07898,1.07905
"exness","EURUSD","2023-06-14 00:35:17.263Z",1.079,1.07906
"exness","EURUSD","2023-06-14 00:35:56.121Z",1.07902,1.07908
"exness","EURUSD","2023-06-14 00:35:59.069Z",1.07903,1.07908
"exness","EURUSD","2023-06-14 00:36:04.316Z",1.07904,1.0791
"exness","EURUSD","2023-06-14 00:36:04.620Z",1.07905,1.07912
"exness","EURUSD","2023-06-14 00:36:08.776Z",1.07907,1.07913
"exness","EURUSD","2023-06-14 00:36:22.541Z",1.07905,1.07911
"exness","EURUSD","2023-06-14 00:36:22.586Z",1.07903,1.0791
"exness","EURUSD","2023-06-14 00:36:25.227Z",1.07903,1.07908
"exness","EURUSD","2023-06-14 00:36:55.197Z",1.07901,1.07907
"exness","EURUSD","2023-06-14 00:37:03.109Z",1.079,1.07905
"exness","EURUSD","2023-06-14 00:37:05.120Z",1.079,1.07907
"exness","EURUSD","2023-06-14 00:37:05.177Z",1.07902,1.07908
"exness","EURUSD","2023-06-14 00:37:05.209Z",1.07903,1.0791
"exness","EURUSD","2023-06-14 00:37:05.233Z",1.07905,1.07911
"exness","EURUSD","2023-06-14 00:37:05.482Z",1.07907,1.07912
"exness","EURUSD","2023-06-14 00:37:06.905Z",1.07906,1.07912
"exness","EURUSD","2023-06-14 00:37:09.248Z",1.07907,1.07913
"exness","EURUSD","2023-06-14 00:37:30.805Z",1.07908,1.07914
"exness","EURUSD","2023-06-14 00:37:31.658Z",1.0790899999999999,1.07914
"exness","EURUSD","2023-06-14 00:37:37.094Z",1.07908,1.07914
"exness","EURUSD","2023-06-14 00:37:37.880Z",1.07906,1.07913
"exness","EURUSD","2023-06-14 00:37:47.617Z",1.07908,1.07913
"exness","EURUSD","2023-06-14 00:37:51.589Z",1.07907,1.07913
"exness","EURUSD","2023-06-14 00:38:20.135Z",1.07905,1.07911
"exness","EURUSD","2023-06-14 00:38:20.148Z",1.07903,1.0790899999999999
"exness","EURUSD","2023-06-14 00:38:55.761Z",1.07902,1.07908
"exness","EURUSD","2023-06-14 00:39:08.650Z",1.07902,1.07907
"exness","EURUSD","2023-06-14 00:39:10.748Z",1.07902,1.07908
"exness","EURUSD","2023-06-14 00:39:15.196Z",1.07904,1.0791
"exness","EURUSD","2023-06-14 00:39:15.241Z",1.07905,1.07912
"exness","EURUSD","2023-06-14 00:39:24.555Z",1.07907,1.07912
"exness","EURUSD","2023-06-14 00:40:03.120Z",1.07908,1.07914
"exness","EURUSD","2023-06-14 00:40:03.162Z",1.0790899999999999,1.07916
"exness","EURUSD","2023-06-14 00:40:03.490Z",1.07911,1.07917
"exness","EURUSD","2023-06-14 00:40:04.846Z",1.07912,1.07918
"exness","EURUSD","2023-06-14 00:40:12.543Z",1.07913,1.0792
"exness","EURUSD","2023-06-14 00:40:12.586Z",1.07915,1.07921
"exness","EURUSD","2023-06-14 00:40:13.028Z",1.07916,1.07923
"exness","EURUSD","2023-06-14 00:40:32.612Z",1.07915,1.07921
"exness","EURUSD","2023-06-14 00:40:32.640Z",1.07913,1.07919
"exness","EURUSD","2023-06-14 00:40:32.684Z",1.07913,1.07918
"exness","EURUSD","2023-06-14 00:40:33.924Z",1.07911,1.07917
"exness","EURUSD","2023-06-14 00:40:39.564Z",1.07913,1.07919
"exness","EURUSD","2023-06-14 00:40:51.953Z",1.07912,1.07918
"exness","EURUSD","2023-06-14 00:40:52.454Z",1.07911,1.07916
"exness","EURUSD","2023-06-14 00:40:55.262Z",1.0791,1.07916
"exness","EURUSD","2023-06-14 00:40:55.295Z",1.07908,1.07914
"exness","EURUSD","2023-06-14 00:40:57.892Z",1.07907,1.07913
"exness","EURUSD","2023-06-14 00:41:07.662Z",1.07906,1.07911
"exness","EURUSD","2023-06-14 00:41:10.254Z",1.07906,1.07912
"exness","EURUSD","2023-06-14 00:41:44.491Z",1.07908,1.07914
"exness","EURUSD","2023-06-14 00:41:44.587Z",1.0791,1.07916
"exness","EURUSD","2023-06-14 00:41:51.753Z",1.07911,1.07916
"exness","EURUSD","2023-06-14 00:42:00.149Z",1.07911,1.07917
"exness","EURUSD","2023-06-14 00:42:03.618Z",1.07912,1.07919
"exness","EURUSD","2023-06-14 00:42:23.268Z",1.0791,1.07916
"exness","EURUSD","2023-06-14 00:42:28.402Z",1.0790899999999999,1.07914
"exness","EURUSD","2023-06-14 00:42:33.855Z",1.0790899999999999,1.07916
"exness","EURUSD","2023-06-14 00:42:38.601Z",1.0791,1.07917
"exness","EURUSD","2023-06-14 00:42:47.489Z",1.07912,1.07919
"exness","EURUSD","2023-06-14 00:42:49.906Z",1.07911,1.07916
"exness","EURUSD","2023-06-14 00:42:51.049Z",1.0791,1.07916
"exness","EURUSD","2023-06-14 00:43:02.629Z",1.07912,1.07917
"exness","EURUSD","2023-06-14 00:43:17.162Z",1.0790899999999999,1.07915
"exness","EURUSD","2023-06-14 00:43:25.160Z",1.07908,1.07914
"exness","EURUSD","2023-06-14 00:43:30.331Z",1.0790899999999999,1.07915
"exness","EURUSD","2023-06-14 00:43:46.608Z",1.07907,1.07914
"exness","EURUSD","2023-06-14 00:43:51.891Z",1.07907,1.07912
"exness","EURUSD","2023-06-14 00:44:09.732Z",1.07906,1.07912
"exness","EURUSD","2023-06-14 00:44:15.082Z",1.07907,1.07912
"exness","EURUSD","2023-06-14 00:44:18.157Z",1.07908,1.07914
"exness","EURUSD","2023-06-14 00:44:18.414Z",1.0790899999999999,1.07915
"exness","EURUSD","2023-06-14 00:44:27.600Z",1.07907,1.07913
"exness","EURUSD","2023-06-14 00:44:43.022Z",1.07906,1.07912
"exness","EURUSD","2023-06-14 00:45:18.281Z",1.07905,1.07911
"exness","EURUSD","2023-06-14 00:45:38.468Z",1.07903,1.0791
"exness","EURUSD","2023-06-14 00:45:38.499Z",1.07902,1.07908
"exness","EURUSD","2023-06-14 00:45:38.545Z",1.079,1.07907
"exness","EURUSD","2023-06-14 00:45:38.580Z",1.0789900000000001,1.07905
"exness","EURUSD","2023-06-14 00:45:51.875Z",1.07897,1.07904
"exness","EURUSD","2023-06-14 00:45:54.365Z",1.07896,1.07902
"exness","EURUSD","2023-06-14 00:45:57.953Z",1.07897,1.07904
"exness","EURUSD","2023-06-14 00:46:08.350Z",1.07898,1.07905
"exness","EURUSD","2023-06-14 00:46:12.584Z",1.07897,1.07904
"exness","EURUSD","2023-06-14 00:46:18.937Z",1.07896,1.07902
"exness","EURUSD","2023-06-14 00:46:25.075Z",1.07897,1.07903
"exness","EURUSD","2023-06-14 00:46:29.452Z",1.07898,1.07905
"exness","EURUSD","2023-06-14 00:46:30.930Z",1.07897,1.07904
"exness","EURUSD","2023-06-14 00:46:51.383Z",1.0789900000000001,1.07905
"exness","EURUSD","2023-06-14 00:46:51.571Z",1.079,1.07907
"exness","EURUSD","2023-06-14 00:47:00.029Z",1.07901,1.07906
"exness","EURUSD","2023-06-14 00:47:06.415Z",1.07901,1.07908
"exness","EURUSD","2023-06-14 00:47:12.780Z",1.07902,1.0790899999999999
"exness","EURUSD","2023-06-14 00:47:17.959Z",1.07903,1.07908
"exness","EURUSD","2023-06-14 00:47:26.696Z",1.07902,1.0790899999999999
"exness","EURUSD","2023-06-14 00:47:36.358Z",1.07904,1.0791
"exness","EURUSD","2023-06-14 00:47:37.397Z",1.07905,1.0791
"exness","EURUSD","2023-06-14 00:47:38.041Z",1.07905,1.07912
"exness","EURUSD","2023-06-14 00:47:38.193Z",1.07907,1.07913
"exness","EURUSD","2023-06-14 00:47:38.273Z",1.07908,1.07915
"exness","EURUSD","2023-06-14 00:47:38.381Z",1.0791,1.07916
"exness","EURUSD","2023-06-14 00:47:41.786Z",1.07911,1.07916
"exness","EURUSD","2023-06-14 00:47:50.588Z",1.07912,1.07918
"exness","EURUSD","2023-06-14 00:48:01.803Z",1.07913,1.07919
"exness","EURUSD","2023-06-14 00:48:03.022Z",1.07915,1.07921
"exness","EURUSD","2023-06-14 00:48:03.877Z",1.07916,1.07922
"exness","EURUSD","2023-06-14 00:48:04.095Z",1.07918,1.07924
"exness","EURUSD","2023-06-14 00:48:05.358Z",1.07919,1.07924
"exness","EURUSD","2023-06-14 00:48:05.924Z",1.07917,1.07923
"exness","EURUSD","2023-06-14 00:48:07.803Z",1.07919,1.07926
"exness","EURUSD","2023-06-14 00:48:08.056Z",1.07921,1.07926
"exness","EURUSD","2023-06-14 00:48:10.600Z",1.07921,1.07927
"exness","EURUSD","2023-06-14 00:48:29.020Z",1.0792,1.07926
"exness","EURUSD","2023-06-14 00:48:59.528Z",1.07921,1.07927
"exness","EURUSD","2023-06-14 00:49:05.222Z",1.0792,1.07926
"exness","EURUSD","2023-06-14 00:49:05.240Z",1.07918,1.07925
"exness","EURUSD","2023-06-14 00:49:05.542Z",1.07917,1.07923
"exness","EURUSD","2023-06-14 00:49:06.590Z",1.07917,1.07922
"exness","EURUSD","2023-06-14 00:49:19.435Z",1.07916,1.07922
"exness","EURUSD","2023-06-14 00:49:25.129Z",1.07915,1.0792
"exness","EURUSD","2023-06-14 00:49:30.524Z",1.07913,1.0792
"exness","EURUSD","2023-06-14 00:49:31.260Z",1.07912,1.07918
"exness","EURUSD","2023-06-14 00:49:33.900Z",1.07911,1.07916
"exness","EURUSD","2023-06-14 00:49:58.001Z",1.0790899999999999,1.07915
"exness","EURUSD","2023-06-14 00:50:01.476Z",1.0791,1.07917
"exness","EURUSD","2023-06-14 00:50:15.477Z",1.0790899999999999,1.07915
"exness","EURUSD","2023-06-14 00:50:18.051Z",1.07908,1.07914
"exness","EURUSD","2023-06-14 00:50:40.248Z",1.0790899999999999,1.07915
"exness","EURUSD","2023-06-14 00:50:43.651Z",1.07907,1.07913
"exness","EURUSD","2023-06-14 00:50:43.753Z",1.07906,1.07912
"exness","EURUSD","2023-06-14 00:50:44.260Z",1.07904,1.0791
"exness","EURUSD","2023-06-14 00:50:44.321Z",1.07904,1.0790899999999999
"exness","EURUSD","2023-06-14 00:50:46.678Z",1.07904,1.07911
"exness","EURUSD","2023-06-14 00:50:49.045Z",1.07906,1.07911
"exness","EURUSD","2023-06-14 00:50:53.549Z",1.07905,1.07911
"exness","EURUSD","2023-06-14 00:50:57.189Z",1.07906,1.07911
"exness","EURUSD","2023-06-14 00:51:00.074Z",1.07905,1.07911
"exness","EURUSD","2023-06-14 00:51:03.494Z",1.07906,1.07912
"exness","EURUSD","2023-06-14 00:51:09.064Z",1.07907,1.07913
"exness","EURUSD","2023-06-14 00:51:12.126Z",1.07905,1.07911
"exness","EURUSD","2023-06-14 00:51:14.213Z",1.07903,1.0791
"exness","EURUSD","2023-06-14 00:51:14.330Z",1.07902,1.07908
"exness","EURUSD","2023-06-14 00:51:14.352Z",1.079,1.07906
"exness","EURUSD","2023-06-14 00:51:17.413Z",1.0789900000000001,1.07904
"exness","EURUSD","2023-06-14 00:51:19.754Z",1.07896,1.07903
"exness","EURUSD","2023-06-14 00:51:20.757Z",1.07896,1.07901
"exness","EURUSD","2023-06-14 00:51:21.783Z",1.07895,1.07901
"exness","EURUSD","2023-06-14 00:51:29.612Z",1.07894,1.079
"exness","EURUSD","2023-06-14 00:51:30.611Z",1.07893,1.0789900000000001
"exness","EURUSD","2023-06-14 00:51:31.652Z",1.07894,1.0789900000000001
"exness","EURUSD","2023-06-14 00:51:32.196Z",1.07892,1.0789900000000001
"exness","EURUSD","2023-06-14 00:51:33.783Z",1.07894,1.079
"exness","EURUSD","2023-06-14 00:51:34.936Z",1.07895,1.07901
"exness","EURUSD","2023-06-14 00:51:36.921Z",1.07897,1.07903
"exness","EURUSD","2023-06-14 00:51:38.959Z",1.0789900000000001,1.07904
"exness","EURUSD","2023-06-14 00:51:40.037Z",1.0789900000000001,1.07905
"exness","EURUSD","2023-06-14 00:51:40.504Z",1.07901,1.07906
"exness","EURUSD","2023-06-14 00:51:44.381Z",1.07901,1.07907
"exness","EURUSD","2023-06-14 00:51:47.556Z",1.07902,1.07907
"exness","EURUSD","2023-06-14 00:51:48.612Z",1.07901,1.07907
"exness","EURUSD","2023-06-14 00:52:02.280Z",1.079,1.07906
"exness","EURUSD","2023-06-14 00:52:02.333Z",1.07898,1.07904
"exness","EURUSD","2023-06-14 00:52:02.560Z",1.07896,1.07903
"exness","EURUSD","2023-06-14 00:52:02.660Z",1.07898,1.07903
"exness","EURUSD","2023-06-14 00:52:11.177Z",1.07898,1.07905
"exness","EURUSD","2023-06-14 00:52:15.206Z",1.07901,1.07907
"exness","EURUSD","2023-06-14 00:52:17.277Z",1.07902,1.07907
"exness","EURUSD","2023-06-14 00:52:21.808Z",1.07903,1.0791
"exness","EURUSD","2023-06-14 00:52:21.834Z",1.07905,1.0791
"exness","EURUSD","2023-06-14 00:52:22.953Z",1.07905,1.07911
"exness","EURUSD","2023-06-14 00:52:31.467Z",1.07903,1.0791
"exness","EURUSD","2023-06-14 00:52:32.453Z",1.07903,1.07908
"exness","EURUSD","2023-06-14 00:52:35.627Z",1.07902,1.07908
"exness","EURUSD","2023-06-14 00:52:36.227Z",1.07901,1.07906
"exness","EURUSD","2023-06-14 00:52:40.480Z",1.07901,1.07907
"exness","EURUSD","2023-06-14 00:53:05.260Z",1.079,1.07906
"exness","EURUSD","2023-06-14 00:53:05.284Z",1.07898,1.07904
"exness","EURUSD","2023-06-14 00:53:05.671Z",1.07897,1.07903
"exness","EURUSD","2023-06-14 00:53:16.531Z",1.0789900000000001,1.07905
"exness","EURUSD","2023-06-14 00:53:17.477Z",1.079,1.07905
"exness","EURUSD","2023-06-14 00:53:20.925Z",1.07901,1.07907
"exness","EURUSD","2023-06-14 00:53:21.049Z",1.0789900000000001,1.07905
"exness","EURUSD","2023-06-14 00:53:21.661Z",1.0789900000000001,1.07904
"exness","EURUSD","2023-06-14 00:53:22.744Z",1.07898,1.07904
"exness","EURUSD","2023-06-14 00:53:23.799Z",1.07896,1.07902
"exness","EURUSD","2023-06-14 00:53:29.351Z",1.07895,1.07901
"exness","EURUSD","2023-06-14 00:53:29.396Z",1.07894,1.0789900000000001
"exness","EURUSD","2023-06-14 00:53:39.297Z",1.07895,1.07901
"exness","EURUSD","2023-06-14 00:53:42.646Z",1.07894,1.079
"exness","EURUSD","2023-06-14 00:54:02.554Z",1.07896,1.07903
"exness","EURUSD","2023-06-14 00:54:02.576Z",1.07898,1.07904
"exness","EURUSD","2023-06-14 00:54:02.640Z",1.079,1.07906
"exness","EURUSD","2023-06-14 00:54:02.719Z",1.07901,1.07908
"exness","EURUSD","2023-06-14 00:54:05.295Z",1.07903,1.0790899999999999
"exness","EURUSD","2023-06-14 00:54:07.731Z",1.07904,1.07911
"exness","EURUSD","2023-06-14 00:54:11.208Z",1.07903,1.0790899999999999
"exness","EURUSD","2023-06-14 00:54:17.532Z",1.07904,1.0791
"exness","EURUSD","2023-06-14 00:54:18.269Z",1.07906,1.07911
"exness","EURUSD","2023-06-14 00:54:18.347Z",1.07906,1.07912
"exness","EURUSD","2023-06-14 00:54:21.557Z",1.07907,1.07914
"exness","EURUSD","2023-06-14 00:54:22.545Z",1.07907,1.07912
"exness","EURUSD","2023-06-14 00:54:23.472Z",1.07905,1.07912
"exness","EURUSD","2023-06-14 00:54:23.489Z",1.07904,1.0791
"exness","EURUSD","2023-06-14 00:54:34.459Z",1.07902,1.0790899999999999
"exness","EURUSD","2023-06-14 00:54:34.487Z",1.07901,1.07907
"exness","EURUSD","2023-06-14 00:54:34.675Z",1.07902,1.0790899999999999
"exness","EURUSD","2023-06-14 00:54:36.644Z",1.07904,1.0791
"exness","EURUSD","2023-06-14 00:54:40.051Z",1.07906,1.07912
"exness","EURUSD","2023-06-14 00:54:40.716Z",1.07904,1.0791
"exness","EURUSD","2023-06-14 00:54:40.729Z",1.07903,1.0790899999999999
"exness","EURUSD","2023-06-14 00:54:45.848Z",1.07905,1.07911
"exness","EURUSD","2023-06-14 00:54:45.988Z",1.07906,1.07913
"exness","EURUSD","2023-06-14 00:54:47.716Z",1.07908,1.07913
"exness","EURUSD","2023-06-14 00:54:48.755Z",1.07908,1.07914
"exness","EURUSD","2023-06-14 00:54:50.896Z",1.0790899999999999,1.07916
"exness","EURUSD","2023-06-14 00:54:59.136Z",1.07907,1.07913
"exness","EURUSD","2023-06-14 00:54:59.150Z",1.07905,1.07912
"exness","EURUSD","2023-06-14 00:54:59.170Z",1.07904,1.0791
"exness","EURUSD","2023-06-14 00:54:59.567Z",1.07904,1.0790899999999999
"exness","EURUSD","2023-06-14 00:54:59.614Z",1.07902,1.07908
"exness","EURUSD","2023-06-14 00:54:59.703Z",1.079,1.07907
"exness","EURUSD","2023-06-14 00:54:59.714Z",1.0789900000000001,1.07905
"exness","EURUSD","2023-06-14 00:54:59.734Z",1.07896,1.07903
"exness","EURUSD","2023-06-14 00:54:59.742Z",1.07895,1.07901
"exness","EURUSD","2023-06-14 00:54:59.752Z",1.07897,1.07902
"exness","EURUSD","2023-06-14 00:54:59.851Z",1.07897,1.07903
"exness","EURUSD","2023-06-14 00:54:59.868Z",1.0789900000000001,1.07905
"exness","EURUSD","2023-06-14 00:55:00.205Z",1.079,1.07906
"exness","EURUSD","2023-06-14 00:55:03.163Z",1.0789900000000001,1.07905
"exness","EURUSD","2023-06-14 00:55:08.023Z",1.079,1.07905
"exness","EURUSD","2023-06-14 00:55:09.432Z",1.07901,1.07907
"exness","EURUSD","2023-06-14 00:55:10.963Z",1.07901,1.07906
"exness","EURUSD","2023-06-14 00:55:14.308Z",1.0789900000000001,1.07906
"exness","EURUSD","2023-06-14 00:55:17.543Z",1.07901,1.07907
"exness","EURUSD","2023-06-14 00:55:26.802Z",1.07903,1.0790899999999999
"exness","EURUSD","2023-06-14 00:55:28.788Z",1.07904,1.0791
"exness","EURUSD","2023-06-14 00:55:29.381Z",1.07906,1.07911
"exness","EURUSD","2023-06-14 00:55:42.437Z",1.07906,1.07912
"exness","EURUSD","2023-06-14 00:55:47.544Z",1.07904,1.0791
"exness","EURUSD","2023-06-14 00:55:56.194Z",1.07906,1.07911
"exness","EURUSD","2023-06-14 00:55:58.415Z",1.07906,1.07913
"exness","EURUSD","2023-06-14 00:56:00.574Z",1.0790899999999999,1.07915
"exness","EURUSD","2023-06-14 00:56:01.548Z",1.0791,1.07915
"exness","EURUSD","2023-06-14 00:56:06.065Z",1.07911,1.07917
"exness","EURUSD","2023-06-14 00:56:06.773Z",1.07912,1.07918
"exness","EURUSD","2023-06-14 00:56:07.876Z",1.07914,1.0792
"exness","EURUSD","2023-06-14 00:56:16.994Z",1.07916,1.07922
"exness","EURUSD","2023-06-14 00:56:24.190Z",1.07915,1.0792
"exness","EURUSD","2023-06-14 00:56:25.204Z",1.07915,1.07921
"exness","EURUSD","2023-06-14 00:56:25.261Z",1.07913,1.07919
"exness","EURUSD","2023-06-14 00:56:26.455Z",1.07912,1.07918
"exness","EURUSD","2023-06-14 00:56:34.240Z",1.07911,1.07917
"exness","EURUSD","2023-06-14 00:56:59.861Z",1.07913,1.07919
"exness","EURUSD","2023-06-14 00:57:02.801Z",1.07911,1.07917
"exness","EURUSD","2023-06-14 00:57:10.199Z",1.07913,1.07919
"exness","EURUSD","2023-06-14 00:57:11.434Z",1.07914,1.07921
"exness","EURUSD","2023-06-14 00:57:13.606Z",1.07914,1.07919
"exness","EURUSD","2023-06-14 00:57:14.691Z",1.07913,1.07919
"exness","EURUSD","2023-06-14 00:57:21.556Z",1.07911,1.07918
"exness","EURUSD","2023-06-14 00:57:22.002Z",1.0791,1.07916
"exness","EURUSD","2023-06-14 00:57:22.712Z",1.07908,1.07915
"exness","EURUSD","2023-06-14 00:57:23.725Z",1.07908,1.07913
"exness","EURUSD","2023-06-14 00:57:28.331Z",1.07906,1.07913
"exness","EURUSD","2023-06-14 00:57:31.874Z",1.07908,1.07914
"exness","EURUSD","2023-06-14 00:57:31.906Z",1.0790899999999999,1.07916
"exness","EURUSD","2023-06-14 00:57:32.974Z",1.07911,1.07917
"exness","EURUSD","2023-06-14 00:57:37.640Z",1.07913,1.07919
"exness","EURUSD","2023-06-14 00:57:41.118Z",1.07912,1.07918
"exness","EURUSD","2023-06-14 00:57:44.332Z",1.07914,1.07919
"exness","EURUSD","2023-06-14 00:57:47.554Z",1.07912,1.07918
"exness","EURUSD","2023-06-14 00:57:49.923Z",1.07911,1.07916
"exness","EURUSD","2023-06-14 00:58:03.060Z",1.07911,1.07918
"exness","EURUSD","2023-06-14 00:58:03.088Z",1.07913,1.07919
"exness","EURUSD","2023-06-14 00:58:03.851Z",1.07911,1.07918
"exness","EURUSD","2023-06-14 00:58:17.426Z",1.0791,1.07916
"exness","EURUSD","2023-06-14 00:58:18.893Z",1.0790899999999999,1.07915
"exness","EURUSD","2023-06-14 00:58:19.766Z",1.07908,1.07914
"exness","EURUSD","2023-06-14 00:58:35.390Z",1.0790899999999999,1.07915
"exness","EURUSD","2023-06-14 00:58:36.362Z",1.07911,1.07917
"exness","EURUSD","2023-06-14 00:58:50.891Z",1.0790899999999999,1.07916
"exness","EURUSD","2023-06-14 00:58:51.204Z",1.07908,1.07914
"exness","EURUSD","2023-06-14 00:58:52.058Z",1.07907,1.07912
"exness","EURUSD","2023-06-14 00:59:00.102Z",1.07906,1.07912
"exness","EURUSD","2023-06-14 00:59:13.320Z",1.07905,1.0791
"exness","EURUSD","2023-06-14 00:59:16.443Z",1.07903,1.0791
"exness","EURUSD","2023-06-14 00:59:30.342Z",1.07902,1.0790899999999999
"exness","EURUSD","2023-06-14 00:59:31.310Z",1.07901,1.07907
"exness","EURUSD","2023-06-14 00:59:31.494Z",1.0789900000000001,1.07905
"exness","EURUSD","2023-06-14 00:59:51.261Z",1.07901,1.07906
"exness","EURUSD","2023-06-14 00:59:51.772Z",1.0789900000000001,1.07906
"exness","EURUSD","2023-06-14 00:59:52.048Z",1.07898,1.07904
"exness","EURUSD","2023-06-14 01:00:02.092Z",1.07895,1.07902
"exness","EURUSD","2023-06-14 01:00:03.747Z",1.07898,1.07904
"exness","EURUSD","2023-06-14 01:00:04.263Z",1.0789900000000001,1.07906
"exness","EURUSD","2023-06-14 01:00:05.011Z",1.07901,1.07907
"exness","EURUSD","2023-06-14 01:00:10.224Z",1.079,1.07906
"exness","EURUSD","2023-06-14 01:00:11.167Z",1.07898,1.07904
"exness","EURUSD","2023-06-14 01:00:13.126Z",1.0789900000000001,1.07905
"exness","EURUSD","2023-06-14 01:00:15.863Z",1.07901,1.07906
"exness","EURUSD","2023-06-14 01:00:17.901Z",1.07901,1.07907
"exness","EURUSD","2023-06-14 01:00:18.032Z",1.07903,1.07908
"exness","EURUSD","2023-06-14 01:00:23.057Z",1.07901,1.07908
"exness","EURUSD","2023-06-14 01:00:30.371Z",1.07903,1.0790899999999999
"exness","EURUSD","2023-06-14 01:00:31.396Z",1.07904,1.0791
"exness","EURUSD","2023-06-14 01:00:35.182Z",1.07906,1.07911
"exness","EURUSD","2023-06-14 01:00:44.143Z",1.07907,1.07912
"exness","EURUSD","2023-06-14 01:00:44.500Z",1.07907,1.07913
"exness","EURUSD","2023-06-14 01:00:52.723Z",1.0790899999999999,1.07914
"exness","EURUSD","2023-06-14 01:00:53.746Z",1.07908,1.07914
"exness","EURUSD","2023-06-14 01:00:54.859Z",1.07906,1.07913
"exness","EURUSD","2023-06-14 01:00:56.132Z",1.07905,1.07911
"exness","EURUSD","2023-06-14 01:00:56.144Z",1.07904,1.0791
"exness","EURUSD","2023-06-14 01:00:56.233Z",1.07902,1.07908
"exness","EURUSD","2023-06-14 01:00:56.268Z",1.07902,1.07907
"exness","EURUSD","2023-06-14 01:00:56.349Z",1.079,1.07906
"exness","EURUSD","2023-06-14 01:00:56.504Z",1.0789900000000001,1.07904
"exness","EURUSD","2023-06-14 01:00:57.528Z",1.07898,1.07903
"exness","EURUSD","2023-06-14 01:00:58.605Z",1.07898,1.07904
"exness","EURUSD","2023-06-14 01:01:06.168Z",1.079,1.07906
"exness","EURUSD","2023-06-14 01:01:10.274Z",1.079,1.07905
"exness","EURUSD","2023-06-14 01:01:17.661Z",1.079,1.07907
"exness","EURUSD","2023-06-14 01:01:17.884Z",1.079,1.07905
"exness","EURUSD","2023-06-14 01:01:17.947Z",1.07898,1.07904
"exness","EURUSD","2023-06-14 01:01:17.964Z",1.07896,1.07903
"exness","EURUSD","2023-06-14 01:01:18.984Z",1.07896,1.07901
"exness","EURUSD","2023-06-14 01:01:19.713Z",1.07897,1.07903
"exness","EURUSD","2023-06-14 01:01:19.781Z",1.07898,1.07905
"exness","EURUSD","2023-06-14 01:01:21.570Z",1.07901,1.07906
"exness","EURUSD","2023-06-14 01:01:23.379Z",1.07901,1.07907
"exness","EURUSD","2023-06-14 01:01:24.877Z",1.07902,1.0790899999999999
"exness","EURUSD","2023-06-14 01:01:25.378Z",1.07904,1.0790899999999999
"exness","EURUSD","2023-06-14 01:01:33.239Z",1.07902,1.07908
"exness","EURUSD","2023-06-14 01:01:34.013Z",1.07901,1.07906
"exness","EURUSD","2023-06-14 01:01:41.520Z",1.079,1.07906
"exness","EURUSD","2023-06-14 01:01:44.050Z",1.079,1.07905
"exness","EURUSD","2023-06-14 01:01:45.659Z",1.07897,1.07903
"exness","EURUSD","2023-06-14 01:01:47.328Z",1.07895,1.07901
"exness","EURUSD","2023-06-14 01:01:49.622Z",1.07896,1.07901
"exness","EURUSD","2023-06-14 01:01:55.062Z",1.07895,1.07901
"exness","EURUSD","2023-06-14 01:01:59.573Z",1.07892,1.0789900000000001
"exness","EURUSD","2023-06-14 01:02:10.418Z",1.07894,1.0789900000000001
"exness","EURUSD","2023-06-14 01:02:13.674Z",1.07895,1.07901
"exness","EURUSD","2023-06-14 01:02:14.247Z",1.07894,1.0789900000000001
"exness","EURUSD","2023-06-14 01:02:16.466Z",1.07895,1.07901
"exness","EURUSD","2023-06-14 01:02:18.055Z",1.07896,1.07902
"exness","EURUSD","2023-06-14 01:02:20.366Z",1.07896,1.07901
"exness","EURUSD","2023-06-14 01:02:22.638Z",1.07896,1.07902
"exness","EURUSD","2023-06-14 01:02:26.486Z",1.07895,1.07901
"exness","EURUSD","2023-06-14 01:02:30.699Z",1.07893,1.0789900000000001
"exness","EURUSD","2023-06-14 01:02:41.905Z",1.07895,1.07901
"exness","EURUSD","2023-06-14 01:02:42.201Z",1.07897,1.07903
"exness","EURUSD","2023-06-14 01:02:43.362Z",1.07898,1.07904
"exness","EURUSD","2023-06-14 01:02:43.811Z",1.0789900000000001,1.07906
"exness","EURUSD","2023-06-14 01:03:04.754Z",1.07897,1.07904
"exness","EURUSD","2023-06-14 01:03:10.151Z",1.0789900000000001,1.07905
"exness","EURUSD","2023-06-14 01:03:14.321Z",1.079,1.07906
"exness","EURUSD","2023-06-14 01:03:20.113Z",1.07898,1.07904
"exness","EURUSD","2023-06-14 01:03:21.463Z",1.07897,1.07903
"exness","EURUSD","2023-06-14 01:03:29.423Z",1.07896,1.07901
"exness","EURUSD","2023-06-14 01:03:29.464Z",1.07895,1.07901
"exness","EURUSD","2023-06-14 01:03:30.717Z",1.07893,1.079
"exness","EURUSD","2023-06-14 01:03:36.809Z",1.07894,1.0789900000000001
"exness","EURUSD","2023-06-14 01:03:51.630Z",1.07895,1.07901
"exness","EURUSD","2023-06-14 01:03:52.588Z",1.07896,1.07901
"exness","EURUSD","2023-06-14 01:03:56.805Z",1.07896,1.07902
"exness","EURUSD","2023-06-14 01:04:03.112Z",1.07894,1.07901
"exness","EURUSD","2023-06-14 01:04:04.438Z",1.07893,1.0789900000000001
"exness","EURUSD","2023-06-14 01:04:20.958Z",1.07895,1.07901
"exness","EURUSD","2023-06-14 01:04:28.791Z",1.07896,1.07901
"exness","EURUSD","2023-06-14 01:04:31.302Z",1.07894,1.07901
"exness","EURUSD","2023-06-14 01:04:31.316Z",1.07893,1.0789900000000001
"exness","EURUSD","2023-06-14 01:04:32.983Z",1.07892,1.07898
"exness","EURUSD","2023-06-14 01:04:35.199Z",1.07891,1.07897
"exness","EURUSD","2023-06-14 01:04:35.826Z",1.0789,1.07895
"exness","EURUSD","2023-06-14 01:04:46.698Z",1.0789,1.07896
"exness","EURUSD","2023-06-14 01:04:46.960Z",1.07888,1.07895
"exness","EURUSD","2023-06-14 01:04:46.979Z",1.07887,1.07893
"exness","EURUSD","2023-06-14 01:04:49.634Z",1.07887,1.07892
"exness","EURUSD","2023-06-14 01:04:52.038Z",1.07887,1.07893
"exness","EURUSD","2023-06-14 01:04:54.211Z",1.07889,1.07895
"exness","EURUSD","2023-06-14 01:04:56.939Z",1.0789,1.07896
"exness","EURUSD","2023-06-14 01:05:16.410Z",1.07889,1.07895
"exness","EURUSD","2023-06-14 01:05:18.537Z",1.07887,1.07894
"exness","EURUSD","2023-06-14 01:05:20.405Z",1.07886,1.07892
"exness","EURUSD","2023-06-14 01:05:22.621Z",1.07886,1.07891
"exness","EURUSD","2023-06-14 01:05:26.565Z",1.07886,1.07892
"exness","EURUSD","2023-06-14 01:05:31.064Z",1.07887,1.07892
"exness","EURUSD","2023-06-14 01:05:35.893Z",1.07888,1.07894
"exness","EURUSD","2023-06-14 01:05:38.410Z",1.07889,1.07896
"exness","EURUSD","2023-06-14 01:05:54.428Z",1.07891,1.07896
"exness","EURUSD","2023-06-14 01:06:00.807Z",1.07889,1.07896
"exness","EURUSD","2023-06-14 01:06:01.510Z",1.07888,1.07894
"exness","EURUSD","2023-06-14 01:06:08.710Z",1.07887,1.07893
"exness","EURUSD","2023-06-14 01:06:08.828Z",1.07885,1.07891
"exness","EURUSD","2023-06-14 01:06:09.210Z",1.07884,1.07889
"exness","EURUSD","2023-06-14 01:06:13.009Z",1.07883,1.07889
"exness","EURUSD","2023-06-14 01:06:20.389Z",1.07882,1.07887
"exness","EURUSD","2023-06-14 01:06:27.574Z",1.0788,1.07887
"exness","EURUSD","2023-06-14 01:06:35.627Z",1.07879,1.07886
"exness","EURUSD","2023-06-14 01:06:48.295Z",1.07881,1.07886
"exness","EURUSD","2023-06-14 01:06:58.234Z",1.07881,1.07887
"exness","EURUSD","2023-06-14 01:07:08.756Z",1.07883,1.0789
"exness","EURUSD","2023-06-14 01:07:11.600Z",1.07885,1.0789
"exness","EURUSD","2023-06-14 01:07:11.982Z",1.07886,1.07892
"exness","EURUSD","2023-06-14 01:07:13.377Z",1.07888,1.07894
"exness","EURUSD","2023-06-14 01:07:17.618Z",1.07887,1.07893
"exness","EURUSD","2023-06-14 01:07:30.780Z",1.07887,1.07892
"exness","EURUSD","2023-06-14 01:07:49.513Z",1.07886,1.07892
"exness","EURUSD","2023-06-14 01:07:59.264Z",1.07886,1.07891
"exness","EURUSD","2023-06-14 01:08:00.234Z",1.07884,1.0789
"exness","EURUSD","2023-06-14 01:08:00.253Z",1.07882,1.07889
"exness","EURUSD","2023-06-14 01:08:19.996Z",1.07882,1.07887
"exness","EURUSD","2023-06-14 01:08:33.847Z",1.07881,1.07887
"exness","EURUSD","2023-06-14 01:08:37.821Z",1.07883,1.07889
"exness","EURUSD","2023-06-14 01:08:37.852Z",1.07884,1.07891
"exness","EURUSD","2023-06-14 01:08:38.855Z",1.07886,1.07892
"exness","EURUSD","2023-06-14 01:08:43.528Z",1.07887,1.07894
"exness","EURUSD","2023-06-14 01:09:02.437Z",1.07888,1.07893
"exness","EURUSD","2023-06-14 01:09:04.393Z",1.07887,1.07893
"exness","EURUSD","2023-06-14 01:09:04.440Z",1.07885,1.07891
"exness","EURUSD","2023-06-14 01:09:04.454Z",1.07884,1.0789
"exness","EURUSD","2023-06-14 01:09:04.628Z",1.07883,1.07888
"exness","EURUSD","2023-06-14 01:09:09.423Z",1.07881,1.07887
"exness","EURUSD","2023-06-14 01:09:26.377Z",1.07882,1.07889
"exness","EURUSD","2023-06-14 01:09:26.417Z",1.07884,1.0789
"exness","EURUSD","2023-06-14 01:09:27.457Z",1.07885,1.07891
"exness","EURUSD","2023-06-14 01:09:29.460Z",1.07888,1.07893
"exness","EURUSD","2023-06-14 01:09:32.880Z",1.07888,1.07894
"exness","EURUSD","2023-06-14 01:09:33.063Z",1.0789,1.07895
"exness","EURUSD","2023-06-14 01:09:35.393Z",1.0789,1.07897
"exness","EURUSD","2023-06-14 01:09:38.510Z",1.07889,1.07895
"exness","EURUSD","2023-06-14 01:09:38.550Z",1.07887,1.07894
"exness","EURUSD","2023-06-14 01:09:41.283Z",1.07886,1.07893
"exness","EURUSD","2023-06-14 01:09:49.648Z",1.07885,1.07891
"exness","EURUSD","2023-06-14 01:09:49.678Z",1.07884,1.0789
"exness","EURUSD","2023-06-14 01:09:49.714Z",1.07883,1.07888
"exness","EURUSD","2023-06-14 01:09:55.144Z",1.07884,1.0789
"exness","EURUSD","2023-06-14 01:09:57.421Z",1.07883,1.07889
"exness","EURUSD","2023-06-14 01:10:00.526Z",1.07884,1.0789
"exness","EURUSD","2023-06-14 01:10:04.129Z",1.07885,1.07891
"exness","EURUSD","2023-06-14 01:10:08.006Z",1.07886,1.07892
"exness","EURUSD","2023-06-14 01:10:09.434Z",1.07889,1.07895
"exness","EURUSD","2023-06-14 01:10:19.579Z",1.07887,1.07893
"exness","EURUSD","2023-06-14 01:10:20.824Z",1.07888,1.07895
"exness","EURUSD","2023-06-14 01:10:21.600Z",1.0789,1.07895
"exness","EURUSD","2023-06-14 01:10:24.094Z",1.0789,1.07896
"exness","EURUSD","2023-06-14 01:10:26.328Z",1.07891,1.07897
"exness","EURUSD","2023-06-14 01:10:33.363Z",1.07893,1.0789900000000001
"exness","EURUSD","2023-06-14 01:10:35.660Z",1.07892,1.07898
"exness","EURUSD","2023-06-14 01:10:55.391Z",1.07892,1.07897
"exness","EURUSD","2023-06-14 01:11:04.462Z",1.07892,1.07898
"exness","EURUSD","2023-06-14 01:11:04.984Z",1.07894,1.079
"exness","EURUSD","2023-06-14 01:11:07.887Z",1.07892,1.07898
"exness","EURUSD","2023-06-14 01:11:22.186Z",1.07892,1.07897
"exness","EURUSD","2023-06-14 01:11:23.781Z",1.0789,1.07896
"exness","EURUSD","2023-06-14 01:11:36.632Z",1.07891,1.07897
"exness","EURUSD","2023-06-14 01:11:45.082Z",1.07892,1.0789900000000001
"exness","EURUSD","2023-06-14 01:11:51.790Z",1.07891,1.07897
"exness","EURUSD","2023-06-14 01:12:15.099Z",1.07892,1.07898
"exness","EURUSD","2023-06-14 01:12:30.398Z",1.07892,1.07897
"exness","EURUSD","2023-06-14 01:12:36.035Z",1.0789,1.07897
"exness","EURUSD","2023-06-14 01:13:56.514Z",1.07893,1.0789900000000001
"exness","EURUSD","2023-06-14 01:14:06.278Z",1.0789,1.07897
"exness","EURUSD","2023-06-14 01:14:07.375Z",1.07889,1.07896
"exness","EURUSD","2023-06-14 01:14:21.394Z",1.0789,1.07897
"exness","EURUSD","2023-06-14 01:14:22.518Z",1.07892,1.0789900000000001
"exness","EURUSD","2023-06-14 01:14:29.768Z",1.07894,1.0789900000000001
"exness","EURUSD","2023-06-14 01:14:39.003Z",1.07893,1.0789900000000001
"exness","EURUSD","2023-06-14 01:14:47.165Z",1.07891,1.07897
"exness","EURUSD","2023-06-14 01:15:00.213Z",1.07893,1.0789900000000001
"exness","EURUSD","2023-06-14 01:15:01.425Z",1.07894,1.07901
"exness","EURUSD","2023-06-14 01:15:20.578Z",1.07893,1.079
"exness","EURUSD","2023-06-14 01:15:20.623Z",1.07892,1.07898
"exness","EURUSD","2023-06-14 01:15:31.529Z",1.07893,1.0789900000000001
"exness","EURUSD","2023-06-14 01:15:32.641Z",1.07895,1.07901
"exness","EURUSD","2023-06-14 01:15:50.614Z",1.07897,1.07903
"exness","EURUSD","2023-06-14 01:15:50.638Z",1.07898,1.07905
"exness","EURUSD","2023-06-14 01:15:50.684Z",1.079,1.07906
"exness","EURUSD","2023-06-14 01:15:51.154Z",1.07901,1.07908
"exness","EURUSD","2023-06-14 01:15:51.342Z",1.07903,1.07908
"exness","EURUSD","2023-06-14 01:15:58.950Z",1.07903,1.0791
"exness","EURUSD","2023-06-14 01:16:00.467Z",1.07905,1.07911
"exness","EURUSD","2023-06-14 01:16:01.535Z",1.07907,1.07913
"exness","EURUSD","2023-06-14 01:16:02.423Z",1.07908,1.07913
"exness","EURUSD","2023-06-14 01:16:05.008Z",1.0790899999999999,1.07915
"exness","EURUSD","2023-06-14 01:16:05.228Z",1.0791,1.07916
"exness","EURUSD","2023-06-14 01:16:10.402Z",1.07912,1.07917
"exness","EURUSD","2023-06-14 01:16:16.390Z",1.07913,1.07919
"exness","EURUSD","2023-06-14 01:16:19.819Z",1.07914,1.07919
"exness","EURUSD","2023-06-14 01:16:23.362Z",1.07914,1.07921
"exness","EURUSD","2023-06-14 01:16:25.755Z",1.07916,1.07922
"exness","EURUSD","2023-06-14 01:16:54.586Z",1.07913,1.0792
"exness","EURUSD","2023-06-14 01:16:58.461Z",1.07913,1.07918
"exness","EURUSD","2023-06-14 01:17:00.378Z",1.07913,1.0792
"exness","EURUSD","2023-06-14 01:17:14.223Z",1.07912,1.07918
"exness","EURUSD","2023-06-14 01:17:14.814Z",1.0791,1.07916
"exness","EURUSD","2023-06-14 01:17:15.086Z",1.0790899999999999,1.07914
"exness","EURUSD","2023-06-14 01:17:19.851Z",1.0791,1.07916
"exness","EURUSD","2023-06-14 01:17:46.178Z",1.07911,1.07916
"exness","EURUSD","2023-06-14 01:17:46.507Z",1.07911,1.07918
"exness","EURUSD","2023-06-14 01:17:52.060Z",1.07913,1.0792
"exness","EURUSD","2023-06-14 01:17:53.198Z",1.07915,1.07921
"exness","EURUSD","2023-06-14 01:17:57.760Z",1.07916,1.07923
"exness","EURUSD","2023-06-14 01:17:57.820Z",1.07918,1.07924
"exness","EURUSD","2023-06-14 01:17:58.279Z",1.0792,1.07925
"exness","EURUSD","2023-06-14 01:18:01.066Z",1.07921,1.07927
"exness","EURUSD","2023-06-14 01:18:01.096Z",1.07922,1.07929
"exness","EURUSD","2023-06-14 01:18:01.585Z",1.07924,1.0793
"exness","EURUSD","2023-06-14 01:18:01.589Z",1.07926,1.07932
"exness","EURUSD","2023-06-14 01:18:01.808Z",1.07927,1.07934
"exness","EURUSD","2023-06-14 01:18:01.822Z",1.07929,1.07934
"exness","EURUSD","2023-06-14 01:18:02.585Z",1.07927,1.07933
"exness","EURUSD","2023-06-14 01:18:07.513Z",1.07926,1.07932
"exness","EURUSD","2023-06-14 01:18:10.100Z",1.07925,1.07931
"exness","EURUSD","2023-06-14 01:18:11.034Z",1.07924,1.07929
"exness","EURUSD","2023-06-14 01:18:24.725Z",1.07922,1.07928
"exness","EURUSD","2023-06-14 01:18:24.941Z",1.0792,1.07926
"exness","EURUSD","2023-06-14 01:18:24.967Z",1.07919,1.07925
"exness","EURUSD","2023-06-14 01:18:25.001Z",1.07917,1.07923
"exness","EURUSD","2023-06-14 01:18:33.228Z",1.07916,1.07922
"exness","EURUSD","2023-06-14 01:18:49.863Z",1.07914,1.0792
"exness","EURUSD","2023-06-14 01:18:50.379Z",1.07912,1.07918
"exness","EURUSD","2023-06-14 01:18:52.931Z",1.0791,1.07916
"exness","EURUSD","2023-06-14 01:18:52.965Z",1.0790899999999999,1.07915
"exness","EURUSD","2023-06-14 01:18:54.624Z",1.07907,1.07914
"exness","EURUSD","2023-06-14 01:19:00.676Z",1.0790899999999999,1.07915
"exness","EURUSD","2023-06-14 01:19:02.615Z",1.07911,1.07917
"exness","EURUSD","2023-06-14 01:19:08.290Z",1.0790899999999999,1.07915
"exness","EURUSD","2023-06-14 01:19:18.358Z",1.07911,1.07917
"exness","EURUSD","2023-06-14 01:19:18.495Z",1.07913,1.07919
"exness","EURUSD","2023-06-14 01:19:20.515Z",1.07914,1.07919
"exness","EURUSD","2023-06-14 01:19:26.898Z",1.07912,1.07918
"exness","EURUSD","2023-06-14 01:19:40.064Z",1.07912,1.07917
"exness","EURUSD","2023-06-14 01:19:41.610Z",1.07911,1.07917
"exness","EURUSD","2023-06-14 01:19:57.349Z",1.07912,1.07918
"exness","EURUSD","2023-06-14 01:19:57.384Z",1.07914,1.0792
"exness","EURUSD","2023-06-14 01:19:58.671Z",1.07915,1.07921
"exness","EURUSD","2023-06-14 01:20:03.447Z",1.07916,1.07922
"exness","EURUSD","2023-06-14 01:20:05.981Z",1.07915,1.07921
"exness","EURUSD","2023-06-14 01:20:09.627Z",1.07916,1.07922
"exness","EURUSD","2023-06-14 01:20:09.709Z",1.07915,1.07921
"exness","EURUSD","2023-06-14 01:20:11.157Z",1.07914,1.07919
"exness","EURUSD","2023-06-14 01:20:13.623Z",1.07913,1.07919
"exness","EURUSD","2023-06-14 01:20:22.738Z",1.07914,1.0792
"exness","EURUSD","2023-06-14 01:20:25.408Z",1.07914,1.07919
"exness","EURUSD","2023-06-14 01:20:27.706Z",1.07914,1.0792
"exness","EURUSD","2023-06-14 01:20:39.428Z",1.07912,1.07918
"exness","EURUSD","2023-06-14 01:20:54.165Z",1.0791,1.07916
"exness","EURUSD","2023-06-14 01:20:57.642Z",1.0790899999999999,1.07914
"exness","EURUSD","2023-06-14 01:21:03.432Z",1.0791,1.07916
"exness","EURUSD","2023-06-14 01:21:14.555Z",1.07911,1.07917
"exness","EURUSD","2023-06-14 01:21:17.532Z",1.0790899999999999,1.07916
"exness","EURUSD","2023-06-14 01:21:35.887Z",1.0790899999999999,1.07914
"exness","EURUSD","2023-06-14 01:21:50.067Z",1.0791,1.07917
"exness","EURUSD","2023-06-14 01:21:51.068Z",1.0790899999999999,1.07915
"exness","EURUSD","2023-06-14 01:21:58.249Z",1.0791,1.07917
"exness","EURUSD","2023-06-14 01:22:02.853Z",1.07912,1.07917
"exness","EURUSD","2023-06-14 01:22:02.933Z",1.0791,1.07917
"exness","EURUSD","2023-06-14 01:22:06.697Z",1.0790899999999999,1.07916
"exness","EURUSD","2023-06-14 01:22:06.768Z",1.0790899999999999,1.07914
"exness","EURUSD","2023-06-14 01:22:09.685Z",1.07907,1.07913
"exness","EURUSD","2023-06-14 01:22:09.722Z",1.07906,1.07912
"exness","EURUSD","2023-06-14 01:22:09.754Z",1.07904,1.0791
"exness","EURUSD","2023-06-14 01:22:10.160Z",1.07902,1.07908
"exness","EURUSD","2023-06-14 01:22:10.253Z",1.07901,1.07906
"exness","EURUSD","2023-06-14 01:22:10.311Z",1.079,1.07906
"exness","EURUSD","2023-06-14 01:22:38.014Z",1.07901,1.07906
"exness","EURUSD","2023-06-14 01:22:41.539Z",1.07901,1.07908
"exness","EURUSD","2023-06-14 01:22:43.751Z",1.07903,1.0790899999999999
"exness","EURUSD","2023-06-14 01:22:45.366Z",1.07904,1.0791
"exness","EURUSD","2023-06-14 01:22:46.286Z",1.07906,1.07912
"exness","EURUSD","2023-06-14 01:22:49.083Z",1.07905,1.07911
"exness","EURUSD","2023-06-14 01:22:49.560Z",1.07903,1.0790899999999999
"exness","EURUSD","2023-06-14 01:23:00.232Z",1.07901,1.07907
"exness","EURUSD","2023-06-14 01:23:03.205Z",1.07901,1.07906
"exness","EURUSD","2023-06-14 01:23:05.978Z",1.0789900000000001,1.07906
"exness","EURUSD","2023-06-14 01:23:06.996Z",1.07901,1.07906
"exness","EURUSD","2023-06-14 01:23:17.523Z",1.07901,1.07907
"exness","EURUSD","2023-06-14 01:23:21.152Z",1.0789900000000001,1.07906
"exness","EURUSD","2023-06-14 01:23:23.935Z",1.07898,1.07905
"exness","EURUSD","2023-06-14 01:23:26.507Z",1.079,1.07906
"exness","EURUSD","2023-06-14 01:23:33.422Z",1.07902,1.07908
"exness","EURUSD","2023-06-14 01:23:33.470Z",1.07903,1.0791
"exness","EURUSD","2023-06-14 01:23:36.831Z",1.07902,1.0790899999999999
"exness","EURUSD","2023-06-14 01:23:44.461Z",1.07901,1.07907
"exness","EURUSD","2023-06-14 01:23:46.853Z",1.07903,1.0790899999999999
"exness","EURUSD","2023-06-14 01:23:50.541Z",1.07904,1.0791
"exness","EURUSD","2023-06-14 01:23:53.902Z",1.07903,1.0790899999999999
"exness","EURUSD","2023-06-14 01:23:54.352Z",1.07901,1.07908
"exness","EURUSD","2023-06-14 01:24:00.055Z",1.079,1.07906
"exness","EURUSD","2023-06-14 01:24:02.083Z",1.07902,1.07908
"exness","EURUSD","2023-06-14 01:24:45.598Z",1.07901,1.07907
"exness","EURUSD","2023-06-14 01:24:52.495Z",1.07902,1.07908
"exness","EURUSD","2023-06-14 01:24:53.412Z",1.07904,1.0791
"exness","EURUSD","2023-06-14 01:24:53.708Z",1.07906,1.07911
"exness","EURUSD","2023-06-14 01:24:54.449Z",1.07904,1.0791
"exness","EURUSD","2023-06-14 01:25:02.946Z",1.07906,1.07911
"exness","EURUSD","2023-06-14 01:25:04.762Z",1.07906,1.07913
"exness","EURUSD","2023-06-14 01:25:29.731Z",1.07905,1.07911
"exness","EURUSD","2023-06-14 01:25:34.239Z",1.07903,1.0791
"exness","EURUSD","2023-06-14 01:25:36.999Z",1.07902,1.07908
"exness","EURUSD","2023-06-14 01:25:37.099Z",1.07903,1.0791
"exness","EURUSD","2023-06-14 01:25:55.055Z",1.07903,1.07908
"exness","EURUSD","2023-06-14 01:26:00.462Z",1.07902,1.07908
"exness","EURUSD","2023-06-14 01:26:06.426Z",1.07903,1.0790899999999999
"exness","EURUSD","2023-06-14 01:26:06.739Z",1.07904,1.0790899999999999
"exness","EURUSD","2023-06-14 01:26:13.673Z",1.07902,1.0790899999999999
"exness","EURUSD","2023-06-14 01:26:17.184Z",1.07904,1.0791
"exness","EURUSD","2023-06-14 01:26:23.217Z",1.07905,1.07911
"exness","EURUSD","2023-06-14 01:26:23.242Z",1.07906,1.07913
"exness","EURUSD","2023-06-14 01:26:23.280Z",1.07908,1.07914
"exness","EURUSD","2023-06-14 01:26:23.377Z",1.0791,1.07916
"exness","EURUSD","2023-06-14 01:26:26.962Z",1.07911,1.07916
"exness","EURUSD","2023-06-14 01:26:34.951Z",1.07911,1.07917
"exness","EURUSD","2023-06-14 01:26:37.579Z",1.0791,1.07916
"exness","EURUSD","2023-06-14 01:26:38.969Z",1.07908,1.07914
"exness","EURUSD","2023-06-14 01:26:39.175Z",1.07908,1.07913
"exness","EURUSD","2023-06-14 01:26:43.985Z",1.07906,1.07913
"exness","EURUSD","2023-06-14 01:26:50.747Z",1.07905,1.07911
"exness","EURUSD","2023-06-14 01:26:51.479Z",1.07904,1.0791
"exness","EURUSD","2023-06-14 01:26:52.489Z",1.07904,1.0790899999999999
"exness","EURUSD","2023-06-14 01:26:59.543Z",1.07902,1.0790899999999999
"exness","EURUSD","2023-06-14 01:27:04.535Z",1.07901,1.07908
"exness","EURUSD","2023-06-14 01:27:25.053Z",1.07903,1.07908
"exness","EURUSD","2023-06-14 01:27:33.033Z",1.07903,1.0790899999999999
"exness","EURUSD","2023-06-14 01:27:39.331Z",1.07904,1.0790899999999999
"exness","EURUSD","2023-06-14 01:27:39.413Z",1.07902,1.0790899999999999
"exness","EURUSD","2023-06-14 01:27:43.544Z",1.07903,1.07908
"exness","EURUSD","2023-06-14 01:27:56.626Z",1.07901,1.07908
"exness","EURUSD","2023-06-14 01:28:03.799Z",1.07902,1.0790899999999999
"exness","EURUSD","2023-06-14 01:28:22.012Z",1.07905,1.07911
"exness","EURUSD","2023-06-14 01:28:22.552Z",1.07906,1.07912
"exness","EURUSD","2023-06-14 01:28:26.118Z",1.07905,1.07911
"exness","EURUSD","2023-06-14 01:28:31.838Z",1.07905,1.0791
"exness","EURUSD","2023-06-14 01:28:33.234Z",1.07905,1.07911
"exness","EURUSD","2023-06-14 01:28:39.908Z",1.07903,1.0790899999999999
"exness","EURUSD","2023-06-14 01:28:41.525Z",1.07902,1.07908
"exness","EURUSD","2023-06-14 01:28:47.941Z",1.07903,1.0790899999999999
"exness","EURUSD","2023-06-14 01:28:59.060Z",1.07904,1.0790899999999999
"exness","EURUSD","2023-06-14 01:29:01.005Z",1.07903,1.0790899999999999
"exness","EURUSD","2023-06-14 01:29:27.593Z",1.07904,1.0791
"exness","EURUSD","2023-06-14 01:29:28.165Z",1.07906,1.07911
"exness","EURUSD","2023-06-14 01:29:37.162Z",1.07907,1.07913
"exness","EURUSD","2023-06-14 01:29:50.560Z",1.07905,1.07911
"exness","EURUSD","2023-06-14 01:30:00.688Z",1.07903,1.0790899999999999
"exness","EURUSD","2023-06-14 01:30:01.090Z",1.07904,1.0791
"exness","EURUSD","2023-06-14 01:30:01.762Z",1.07906,1.07912
"exness","EURUSD","2023-06-14 01:30:01.785Z",1.07907,1.07914
"exness","EURUSD","2023-06-14 01:30:02.151Z",1.0790899999999999,1.07914
"exness","EURUSD","2023-06-14 01:30:04.415Z",1.07908,1.07914
"exness","EURUSD","2023-06-14 01:30:05.966Z",1.07907,1.07913
"exness","EURUSD","2023-06-14 01:30:08.883Z",1.07908,1.07913
"exness","EURUSD","2023-06-14 01:30:11.019Z",1.07908,1.07914
"exness","EURUSD","2023-06-14 01:30:15.313Z",1.07907,1.07913
"exness","EURUSD","2023-06-14 01:30:16.725Z",1.0790899999999999,1.07916
"exness","EURUSD","2023-06-14 01:30:16.912Z",1.07911,1.07916
"exness","EURUSD","2023-06-14 01:30:22.650Z",1.07911,1.07917
"exness","EURUSD","2023-06-14 01:30:34.601Z",1.0791,1.07916
"exness","EURUSD","2023-06-14 01:30:35.276Z",1.07908,1.07915
"exness","EURUSD","2023-06-14 01:30:36.129Z",1.07907,1.07913
"exness","EURUSD","2023-06-14 01:30:42.347Z",1.0790899999999999,1.07914
"exness","EURUSD","2023-06-14 01:30:45.304Z",1.07907,1.07913
"exness","EURUSD","2023-06-14 01:30:48.402Z",1.07906,1.07912
"exness","EURUSD","2023-06-14 01:30:53.550Z",1.07904,1.0791
"exness","EURUSD","2023-06-14 01:30:59.047Z",1.07905,1.07911
"exness","EURUSD","2023-06-14 01:30:59.189Z",1.07904,1.0790899999999999
"exness","EURUSD","2023-06-14 01:31:00.205Z",1.07903,1.0790899999999999
"exness","EURUSD","2023-06-14 01:31:01.300Z",1.07903,1.07908
"exness","EURUSD","2023-06-14 01:31:03.798Z",1.07902,1.07908
"exness","EURUSD","2023-06-14 01:31:03.833Z",1.07903,1.0791
"exness","EURUSD","2023-06-14 01:31:03.903Z",1.07905,1.0791
"exness","EURUSD","2023-06-14 01:31:03.920Z",1.07905,1.07912
"exness","EURUSD","2023-06-14 01:31:03.931Z",1.07907,1.07913
"exness","EURUSD","2023-06-14 01:31:03.963Z",1.07908,1.07913
"exness","EURUSD","2023-06-14 01:31:04.951Z",1.07907,1.07913
"exness","EURUSD","2023-06-14 01:31:06.957Z",1.07904,1.07911
"exness","EURUSD","2023-06-14 01:31:09.186Z",1.07902,1.07908
"exness","EURUSD","2023-06-14 01:31:11.226Z",1.07903,1.0791
"exness","EURUSD","2023-06-14 01:31:14.743Z",1.07902,1.07908
"exness","EURUSD","2023-06-14 01:31:27.120Z",1.07904,1.0790899999999999
"exness","EURUSD","2023-06-14 01:31:27.411Z",1.07904,1.0791
"exness","EURUSD","2023-06-14 01:31:32.950Z",1.07906,1.07913
"exness","EURUSD","2023-06-14 01:31:36.664Z",1.07908,1.07913
"exness","EURUSD","2023-06-14 01:31:37.427Z",1.07908,1.07915
"exness","EURUSD","2023-06-14 01:31:45.509Z",1.07907,1.07913
"exness","EURUSD","2023-06-14 01:31:47.896Z",1.07905,1.07911
"exness","EURUSD","2023-06-14 01:31:47.928Z",1.07903,1.0790899999999999
"exness","EURUSD","2023-06-14 01:31:53.795Z",1.07902,1.07908
"exness","EURUSD","2023-06-14 01:32:00.044Z",1.07901,1.07907
"exness","EURUSD","2023-06-14 01:32:12.683Z",1.0789900000000001,1.07905
"exness","EURUSD","2023-06-14 01:32:26.032Z",1.07901,1.07906
"exness","EURUSD","2023-06-14 01:32:46.910Z",1.07901,1.07908
"exness","EURUSD","2023-06-14 01:32:47.058Z",1.07903,1.0790899999999999
"exness","EURUSD","2023-06-14 01:32:48.109Z",1.07904,1.0790899999999999
"exness","EURUSD","2023-06-14 01:32:48.397Z",1.07902,1.0790899999999999
"exness","EURUSD","2023-06-14 01:32:51.777Z",1.07902,1.07907
"exness","EURUSD","2023-06-14 01:32:51.916Z",1.07903,1.0790899999999999
"exness","EURUSD","2023-06-14 01:32:51.927Z",1.07904,1.07911
"exness","EURUSD","2023-06-14 01:33:02.855Z",1.07906,1.07913
"exness","EURUSD","2023-06-14 01:33:04.166Z",1.07907,1.07914
"exness","EURUSD","2023-06-14 01:33:08.646Z",1.07906,1.07913
"exness","EURUSD","2023-06-14 01:33:10.545Z",1.07908,1.07915
"exness","EURUSD","2023-06-14 01:33:10.698Z",1.0791,1.07915
"exness","EURUSD","2023-06-14 01:33:10.714Z",1.0791,1.07916
"exness","EURUSD","2023-06-14 01:33:11.835Z",1.07911,1.07916
"exness","EURUSD","2023-06-14 01:33:26.256Z",1.0791,1.07916
"exness","EURUSD","2023-06-14 01:33:33.622Z",1.07911,1.07917
"exness","EURUSD","2023-06-14 01:33:44.183Z",1.07913,1.07919
"exness","EURUSD","2023-06-14 01:33:44.508Z",1.07914,1.07921
"exness","EURUSD","2023-06-14 01:33:57.339Z",1.07916,1.07922
"exness","EURUSD","2023-06-14 01:34:00.384Z",1.07918,1.07924
"exness","EURUSD","2023-06-14 01:34:04.410Z",1.07917,1.07923
"exness","EURUSD","2023-06-14 01:34:04.584Z",1.07918,1.07925
"exness","EURUSD","2023-06-14 01:34:07.252Z",1.07921,1.07927
"exness","EURUSD","2023-06-14 01:34:07.263Z",1.07923,1.07929
"exness","EURUSD","2023-06-14 01:34:07.310Z",1.07925,1.07931
"exness","EURUSD","2023-06-14 01:34:07.378Z",1.07926,1.07932
"exness","EURUSD","2023-06-14 01:34:07.775Z",1.07928,1.07934
"exness","EURUSD","2023-06-14 01:34:08.801Z",1.07926,1.07933
"exness","EURUSD","2023-06-14 01:34:15.365Z",1.07925,1.07932
"exness","EURUSD","2023-06-14 01:34:31.289Z",1.07927,1.07933
"exness","EURUSD","2023-06-14 01:34:37.540Z",1.07927,1.07932
"exness","EURUSD","2023-06-14 01:34:45.183Z",1.07928,1.07934
"exness","EURUSD","2023-06-14 01:34:49.415Z",1.07929,1.07936
"exness","EURUSD","2023-06-14 01:34:50.967Z",1.07931,1.07937
"exness","EURUSD","2023-06-14 01:35:39.651Z",1.07933,1.07939
"exness","EURUSD","2023-06-14 01:35:41.962Z",1.0793,1.07937
"exness","EURUSD","2023-06-14 01:36:12.958Z",1.07931,1.07938
"exness","EURUSD","2023-06-14 01:36:25.943Z",1.07933,1.07939
"exness","EURUSD","2023-06-14 01:36:26.973Z",1.07934,1.0794
"exness","EURUSD","2023-06-14 01:36:34.992Z",1.07935,1.07942
"exness","EURUSD","2023-06-14 01:36:35.026Z",1.07937,1.07943
"exness","EURUSD","2023-06-14 01:36:35.047Z",1.07938,1.07943
"exness","EURUSD","2023-06-14 01:36:35.157Z",1.07939,1.07945
"exness","EURUSD","2023-06-14 01:36:35.202Z",1.07941,1.07947
"exness","EURUSD","2023-06-14 01:37:02.062Z",1.07943,1.07949
"exness","EURUSD","2023-06-14 01:37:02.309Z",1.07944,1.07951
"exness","EURUSD","2023-06-14 01:37:21.965Z",1.07945,1.07952
"exness","EURUSD","2023-06-14 01:37:27.444Z",1.07943,1.07949
"exness","EURUSD","2023-06-14 01:37:27.511Z",1.07942,1.07948
"exness","EURUSD","2023-06-14 01:37:28.911Z",1.0794,1.07946
"exness","EURUSD","2023-06-14 01:37:36.954Z",1.0794,1.07945
"exness","EURUSD","2023-06-14 01:38:00.988Z",1.07941,1.07947
"exness","EURUSD","2023-06-14 01:38:02.636Z",1.07943,1.07949
"exness","EURUSD","2023-06-14 01:38:02.667Z",1.07945,1.07951
"exness","EURUSD","2023-06-14 01:38:05.287Z",1.07943,1.07948
"exness","EURUSD","2023-06-14 01:38:10.319Z",1.07941,1.07948
"exness","EURUSD","2023-06-14 01:38:18.489Z",1.07943,1.07949
"exness","EURUSD","2023-06-14 01:38:19.507Z",1.07943,1.07948
"exness","EURUSD","2023-06-14 01:38:24.789Z",1.07941,1.07948
"exness","EURUSD","2023-06-14 01:38:45.219Z",1.0794,1.07946
"exness","EURUSD","2023-06-14 01:38:45.868Z",1.07941,1.07946
"exness","EURUSD","2023-06-14 01:38:49.065Z",1.07943,1.07949
"exness","EURUSD","2023-06-14 01:38:49.126Z",1.07944,1.0795
"exness","EURUSD","2023-06-14 01:38:51.574Z",1.07947,1.07952
"exness","EURUSD","2023-06-14 01:38:52.648Z",1.07947,1.07953
"exness","EURUSD","2023-06-14 01:39:09.564Z",1.07945,1.0795
"exness","EURUSD","2023-06-14 01:39:13.812Z",1.07945,1.07952
"exness","EURUSD","2023-06-14 01:39:18.251Z",1.07944,1.0795
"exness","EURUSD","2023-06-14 01:39:18.324Z",1.07942,1.07948
"exness","EURUSD","2023-06-14 01:39:19.236Z",1.07944,1.0795
"exness","EURUSD","2023-06-14 01:39:19.397Z",1.07945,1.07952
"exness","EURUSD","2023-06-14 01:40:01.169Z",1.07943,1.0795
"exness","EURUSD","2023-06-14 01:40:02.189Z",1.07945,1.07951
"exness","EURUSD","2023-06-14 01:40:13.374Z",1.07946,1.07951
"exness","EURUSD","2023-06-14 01:40:25.290Z",1.07944,1.07951
"exness","EURUSD","2023-06-14 01:40:25.475Z",1.07943,1.07949
"exness","EURUSD","2023-06-14 01:40:31.112Z",1.07942,1.07948
"exness","EURUSD","2023-06-14 01:40:37.120Z",1.07943,1.07949
"exness","EURUSD","2023-06-14 01:40:37.416Z",1.07945,1.0795
"exness","EURUSD","2023-06-14 01:40:40.355Z",1.07945,1.07951
"exness","EURUSD","2023-06-14 01:40:49.951Z",1.07944,1.0795
"exness","EURUSD","2023-06-14 01:40:50.977Z",1.07946,1.07951
"exness","EURUSD","2023-06-14 01:40:52.793Z",1.07944,1.0795
"exness","EURUSD","2023-06-14 01:40:52.906Z",1.07944,1.07949
"exness","EURUSD","2023-06-14 01:40:57.135Z",1.07944,1.07951
"exness","EURUSD","2023-06-14 01:41:02.356Z",1.07946,1.07951
"exness","EURUSD","2023-06-14 01:41:09.453Z",1.07946,1.07952
"exness","EURUSD","2023-06-14 01:41:27.164Z",1.07945,1.07951
"exness","EURUSD","2023-06-14 01:41:37.413Z",1.07946,1.07951
"exness","EURUSD","2023-06-14 01:41:37.420Z",1.07944,1.0795
"exness","EURUSD","2023-06-14 01:41:37.436Z",1.07942,1.07949
"exness","EURUSD","2023-06-14 01:41:37.468Z",1.07941,1.07947
"exness","EURUSD","2023-06-14 01:41:37.499Z",1.07939,1.07946
"exness","EURUSD","2023-06-14 01:41:50.297Z",1.07938,1.07944
"exness","EURUSD","2023-06-14 01:41:50.917Z",1.07939,1.07945
"exness","EURUSD","2023-06-14 01:41:51.950Z",1.0794,1.07946
"exness","EURUSD","2023-06-14 01:41:52.638Z",1.0794,1.07945
"exness","EURUSD","2023-06-14 01:41:53.455Z",1.07938,1.07945
"exness","EURUSD","2023-06-14 01:41:54.705Z",1.07937,1.07943
"exness","EURUSD","2023-06-14 01:41:58.283Z",1.07937,1.07942
"exness","EURUSD","2023-06-14 01:42:01.442Z",1.07938,1.07944
"exness","EURUSD","2023-06-14 01:42:02.459Z",1.07939,1.07944
"exness","EURUSD","2023-06-14 01:42:03.211Z",1.07937,1.07944
"exness","EURUSD","2023-06-14 01:42:07.543Z",1.07936,1.07943
"exness","EURUSD","2023-06-14 01:42:09.748Z",1.07935,1.07941
"exness","EURUSD","2023-06-14 01:42:19.911Z",1.07933,1.07939
"exness","EURUSD","2023-06-14 01:42:28.083Z",1.07933,1.07938
"exness","EURUSD","2023-06-14 01:42:28.952Z",1.07933,1.07939
"exness","EURUSD","2023-06-14 01:42:32.415Z",1.07935,1.0794
"exness","EURUSD","2023-06-14 01:42:41.954Z",1.07933,1.0794
"exness","EURUSD","2023-06-14 01:42:49.124Z",1.07932,1.07938
"exness","EURUSD","2023-06-14 01:42:53.385Z",1.07932,1.07937
"exness","EURUSD","2023-06-14 01:43:01.113Z",1.0793,1.07936
"exness","EURUSD","2023-06-14 01:43:09.931Z",1.07931,1.07938
"exness","EURUSD","2023-06-14 01:43:25.981Z",1.07934,1.07939
"exness","EURUSD","2023-06-14 01:43:27.056Z",1.07935,1.07941
"exness","EURUSD","2023-06-14 01:43:53.275Z",1.07936,1.07942
"exness","EURUSD","2023-06-14 01:43:53.313Z",1.07938,1.07944
"exness","EURUSD","2023-06-14 01:43:53.611Z",1.07939,1.07945
"exness","EURUSD","2023-06-14 01:43:53.778Z",1.07938,1.07944
"exness","EURUSD","2023-06-14 01:43:54.802Z",1.07937,1.07943
"exness","EURUSD","2023-06-14 01:44:05.260Z",1.07937,1.07942
"exness","EURUSD","2023-06-14 01:44:09.849Z",1.07935,1.07941
"exness","EURUSD","2023-06-14 01:44:23.727Z",1.07936,1.07941
"exness","EURUSD","2023-06-14 01:44:24.952Z",1.07936,1.07942
"exness","EURUSD","2023-06-14 01:44:50.314Z",1.07934,1.0794
"exness","EURUSD","2023-06-14 01:44:50.509Z",1.07932,1.07938
"exness","EURUSD","2023-06-14 01:44:55.505Z",1.07932,1.07937
"exness","EURUSD","2023-06-14 01:45:04.622Z",1.07933,1.07939
"exness","EURUSD","2023-06-14 01:45:04.889Z",1.07935,1.0794
"exness","EURUSD","2023-06-14 01:45:05.231Z",1.07935,1.07941
"exness","EURUSD","2023-06-14 01:45:06.539Z",1.07937,1.07942
"exness","EURUSD","2023-06-14 01:45:32.230Z",1.07937,1.07943
"exness","EURUSD","2023-06-14 01:45:41.465Z",1.07938,1.07945
"exness","EURUSD","2023-06-14 01:45:42.089Z",1.0794,1.07945
"exness","EURUSD","2023-06-14 01:45:45.825Z",1.0794,1.07946
"exness","EURUSD","2023-06-14 01:45:52.577Z",1.07939,1.07945
"exness","EURUSD","2023-06-14 01:45:52.849Z",1.07938,1.07943
"exness","EURUSD","2023-06-14 01:45:53.974Z",1.07937,1.07943
"exness","EURUSD","2023-06-14 01:46:03.816Z",1.07939,1.07944
"exness","EURUSD","2023-06-14 01:46:04.248Z",1.0794,1.07946
"exness","EURUSD","2023-06-14 01:46:04.343Z",1.07938,1.07944
"exness","EURUSD","2023-06-14 01:46:12.326Z",1.0794,1.07946
"exness","EURUSD","2023-06-14 01:46:16.385Z",1.07941,1.07946
"exness","EURUSD","2023-06-14 01:46:26.785Z",1.0794,1.07946
"exness","EURUSD","2023-06-14 01:46:31.795Z",1.07941,1.07948
"exness","EURUSD","2023-06-14 01:46:31.877Z",1.07943,1.07949
"exness","EURUSD","2023-06-14 01:46:32.036Z",1.07944,1.07951
"exness","EURUSD","2023-06-14 01:46:33.413Z",1.07946,1.07951
"exness","EURUSD","2023-06-14 01:46:39.105Z",1.07944,1.07951
"exness","EURUSD","2023-06-14 01:46:42.473Z",1.07947,1.07952
"exness","EURUSD","2023-06-14 01:46:45.969Z",1.07945,1.07951
"exness","EURUSD","2023-06-14 01:46:52.173Z",1.07942,1.07949
"exness","EURUSD","2023-06-14 01:46:52.208Z",1.07941,1.07947
"exness","EURUSD","2023-06-14 01:46:52.234Z",1.07939,1.07946
"exness","EURUSD","2023-06-14 01:46:52.251Z",1.07939,1.07944
"exness","EURUSD","2023-06-14 01:46:52.288Z",1.07937,1.07944
"exness","EURUSD","2023-06-14 01:46:53.696Z",1.07936,1.07942
"exness","EURUSD","2023-06-14 01:46:54.954Z",1.07938,1.07944
"exness","EURUSD","2023-06-14 01:46:56.231Z",1.07935,1.07941
"exness","EURUSD","2023-06-14 01:47:02.266Z",1.07936,1.07943
"exness","EURUSD","2023-06-14 01:47:09.331Z",1.07938,1.07944
"exness","EURUSD","2023-06-14 01:47:19.481Z",1.0794,1.07945
"exness","EURUSD","2023-06-14 01:47:23.076Z",1.07938,1.07945
"exness","EURUSD","2023-06-14 01:47:27.424Z",1.07938,1.07943
"exness","EURUSD","2023-06-14 01:47:27.534Z",1.07936,1.07943
"exness","EURUSD","2023-06-14 01:47:30.187Z",1.07934,1.07941
"exness","EURUSD","2023-06-14 01:48:06.272Z",1.07936,1.07942
"exness","EURUSD","2023-06-14 01:48:14.699Z",1.07935,1.07941
"exness","EURUSD","2023-06-14 01:48:14.721Z",1.07933,1.07939
"exness","EURUSD","2023-06-14 01:48:14.741Z",1.07932,1.07938
"exness","EURUSD","2023-06-14 01:48:18.739Z",1.07933,1.07939
"exness","EURUSD","2023-06-14 01:48:19.020Z",1.07935,1.07941
"exness","EURUSD","2023-06-14 01:48:19.337Z",1.07937,1.07943
"exness","EURUSD","2023-06-14 01:48:30.516Z",1.07936,1.07942
"exness","EURUSD","2023-06-14 01:48:45.801Z",1.07937,1.07943
"exness","EURUSD","2023-06-14 01:48:48.353Z",1.07936,1.07941
"exness","EURUSD","2023-06-14 01:48:56.493Z",1.07937,1.07943
"exness","EURUSD","2023-06-14 01:48:57.605Z",1.07938,1.07944
"exness","EURUSD","2023-06-14 01:49:04.228Z",1.07937,1.07943
"exness","EURUSD","2023-06-14 01:49:11.114Z",1.07939,1.07945
"exness","EURUSD","2023-06-14 01:49:13.319Z",1.07937,1.07943
"exness","EURUSD","2023-06-14 01:49:13.931Z",1.07938,1.07943
"exness","EURUSD","2023-06-14 01:49:18.923Z",1.07938,1.07945
"exness","EURUSD","2023-06-14 01:49:22.158Z",1.07938,1.07943
"exness","EURUSD","2023-06-14 01:49:26.220Z",1.07938,1.07945
"exness","EURUSD","2023-06-14 01:49:28.447Z",1.07938,1.07943
"exness","EURUSD","2023-06-14 01:49:29.627Z",1.07938,1.07944
"exness","EURUSD","2023-06-14 01:49:38.209Z",1.07936,1.07942
"exness","EURUSD","2023-06-14 01:49:42.338Z",1.07937,1.07944
"exness","EURUSD","2023-06-14 01:49:44.864Z",1.07939,1.07944
"exness","EURUSD","2023-06-14 01:49:59.075Z",1.07937,1.07943
"exness","EURUSD","2023-06-14 01:50:03.570Z",1.07939,1.07944
"exness","EURUSD","2023-06-14 01:50:35.652Z",1.07937,1.07944
"exness","EURUSD","2023-06-14 01:50:36.159Z",1.07936,1.07942
"exness","EURUSD","2023-06-14 01:50:38.697Z",1.07938,1.07943
"exness","EURUSD","2023-06-14 01:50:39.704Z",1.07938,1.07944
"exness","EURUSD","2023-06-14 01:50:45.326Z",1.07936,1.07942
"exness","EURUSD","2023-06-14 01:50:49.363Z",1.07937,1.07942
"exness","EURUSD","2023-06-14 01:50:49.433Z",1.07938,1.07944
"exness","EURUSD","2023-06-14 01:50:50.479Z",1.07936,1.07942
"exness","EURUSD","2023-06-14 01:50:52.673Z",1.07936,1.07941
"exness","EURUSD","2023-06-14 01:50:53.868Z",1.07934,1.07941
"exness","EURUSD","2023-06-14 01:51:11.335Z",1.07933,1.07939
"exness","EURUSD","2023-06-14 01:51:11.380Z",1.07931,1.07937
"exness","EURUSD","2023-06-14 01:51:14.624Z",1.07931,1.07936
"exness","EURUSD","2023-06-14 01:51:25.087Z",1.07928,1.07935
"exness","EURUSD","2023-06-14 01:51:25.601Z",1.0793,1.07935
"exness","EURUSD","2023-06-14 01:51:36.815Z",1.07927,1.07933
"exness","EURUSD","2023-06-14 01:51:41.889Z",1.07926,1.07932
"exness","EURUSD","2023-06-14 01:51:45.542Z",1.07928,1.07934
"exness","EURUSD","2023-06-14 01:51:48.927Z",1.07929,1.07934
"exness","EURUSD","2023-06-14 01:51:50.318Z",1.07929,1.07935
"exness","EURUSD","2023-06-14 01:52:09.687Z",1.07928,1.07934
"exness","EURUSD","2023-06-14 01:52:10.637Z",1.07926,1.07932
"exness","EURUSD","2023-06-14 01:52:11.512Z",1.07926,1.07931
"exness","EURUSD","2023-06-14 01:52:11.761Z",1.07924,1.0793
"exness","EURUSD","2023-06-14 01:52:14.077Z",1.07926,1.07932
"exness","EURUSD","2023-06-14 01:52:14.101Z",1.07927,1.07934
"exness","EURUSD","2023-06-14 01:52:14.938Z",1.07927,1.07932
"exness","EURUSD","2023-06-14 01:52:20.093Z",1.07926,1.07932
"exness","EURUSD","2023-06-14 01:52:23.880Z",1.07927,1.07934
"exness","EURUSD","2023-06-14 01:52:25.190Z",1.07929,1.07935
"exness","EURUSD","2023-06-14 01:52:25.840Z",1.0793,1.07937
"exness","EURUSD","2023-06-14 01:52:26.867Z",1.07932,1.07938
"exness","EURUSD","2023-06-14 01:52:33.493Z",1.07934,1.07939
"exness","EURUSD","2023-06-14 01:52:33.747Z",1.07935,1.07941
"exness","EURUSD","2023-06-14 01:52:35.178Z",1.07936,1.07941
"exness","EURUSD","2023-06-14 01:52:44.340Z",1.07937,1.07943
"exness","EURUSD","2023-06-14 01:52:44.372Z",1.07938,1.07945
"exness","EURUSD","2023-06-14 01:52:45.472Z",1.0794,1.07946
"exness","EURUSD","2023-06-14 01:52:46.733Z",1.07941,1.07948
"exness","EURUSD","2023-06-14 01:52:46.831Z",1.07943,1.07948
"exness","EURUSD","2023-06-14 01:52:47.814Z",1.07943,1.0795
"exness","EURUSD","2023-06-14 01:52:47.835Z",1.07945,1.0795
"exness","EURUSD","2023-06-14 01:52:47.854Z",1.07945,1.07952
"exness","EURUSD","2023-06-14 01:52:50.072Z",1.07946,1.07951
"exness","EURUSD","2023-06-14 01:53:06.258Z",1.07945,1.07951
"exness","EURUSD","2023-06-14 01:53:18.050Z",1.07943,1.0795
"exness","EURUSD","2023-06-14 01:53:19.277Z",1.07942,1.07948
"exness","EURUSD","2023-06-14 01:53:22.745Z",1.07942,1.07947
"exness","EURUSD","2023-06-14 01:53:24.441Z",1.07942,1.07948
"exness","EURUSD","2023-06-14 01:53:24.472Z",1.07944,1.0795
"exness","EURUSD","2023-06-14 01:53:29.508Z",1.07942,1.07948
"exness","EURUSD","2023-06-14 01:53:29.609Z",1.07941,1.07946
"exness","EURUSD","2023-06-14 01:53:31.770Z",1.07941,1.07948
"exness","EURUSD","2023-06-14 01:53:51.770Z",1.07943,1.0795
"exness","EURUSD","2023-06-14 01:53:52.899Z",1.07945,1.07951
"exness","EURUSD","2023-06-14 01:54:15.875Z",1.07947,1.07952
"exness","EURUSD","2023-06-14 01:54:18.215Z",1.07945,1.07952
"exness","EURUSD","2023-06-14 01:54:18.917Z",1.07944,1.0795
"exness","EURUSD","2023-06-14 01:54:18.951Z",1.07942,1.07948
"exness","EURUSD","2023-06-14 01:54:21.144Z",1.07941,1.07947
"exness","EURUSD","2023-06-14 01:54:23.158Z",1.07942,1.07948
"exness","EURUSD","2023-06-14 01:54:53.736Z",1.07943,1.07949
"exness","EURUSD","2023-06-14 01:54:55.320Z",1.07942,1.07948
"exness","EURUSD","2023-06-14 01:54:55.506Z",1.07942,1.07947
"exness","EURUSD","2023-06-14 01:54:56.512Z",1.0794,1.07946
"exness","EURUSD","2023-06-14 01:55:07.583Z",1.07942,1.07948
"exness","EURUSD","2023-06-14 01:55:18.928Z",1.07942,1.07947
"exness","EURUSD","2023-06-14 01:55:31.358Z",1.07941,1.07947
"exness","EURUSD","2023-06-14 01:55:33.011Z",1.07939,1.07945
"exness","EURUSD","2023-06-14 01:55:33.799Z",1.07939,1.07944
"exness","EURUSD","2023-06-14 01:55:51.313Z",1.0794,1.07946
"exness","EURUSD","2023-06-14 01:55:52.748Z",1.07941,1.07947
"exness","EURUSD","2023-06-14 01:56:01.209Z",1.07942,1.07948
"exness","EURUSD","2023-06-14 01:56:27.990Z",1.07941,1.07947
"exness","EURUSD","2023-06-14 01:56:47.624Z",1.0794,1.07946
"exness","EURUSD","2023-06-14 01:56:48.686Z",1.07938,1.07945
"exness","EURUSD","2023-06-14 01:56:57.427Z",1.07937,1.07943
"exness","EURUSD","2023-06-14 01:56:59.597Z",1.07936,1.07941
"exness","EURUSD","2023-06-14 01:57:00.591Z",1.07936,1.07943
"exness","EURUSD","2023-06-14 01:57:17.626Z",1.07936,1.07941
"exness","EURUSD","2023-06-14 01:57:29.281Z",1.07936,1.07942
"exness","EURUSD","2023-06-14 01:57:40.552Z",1.07934,1.0794
"exness","EURUSD","2023-06-14 01:57:40.586Z",1.07933,1.07939
"exness","EURUSD","2023-06-14 01:57:41.183Z",1.07931,1.07937
"exness","EURUSD","2023-06-14 01:57:50.766Z",1.0793,1.07936
"exness","EURUSD","2023-06-14 01:57:51.279Z",1.07931,1.07936
"exness","EURUSD","2023-06-14 01:57:58.523Z",1.07929,1.07935
"exness","EURUSD","2023-06-14 01:58:00.579Z",1.0793,1.07936
"exness","EURUSD","2023-06-14 01:58:04.058Z",1.07931,1.07936
"exness","EURUSD","2023-06-14 01:58:08.933Z",1.07929,1.07935
"exness","EURUSD","2023-06-14 01:58:14.094Z",1.0793,1.07936
"exness","EURUSD","2023-06-14 01:58:43.576Z",1.07931,1.07936
"exness","EURUSD","2023-06-14 01:58:44.501Z",1.0793,1.07936
"exness","EURUSD","2023-06-14 01:58:44.520Z",1.07928,1.07934
"exness","EURUSD","2023-06-14 01:58:44.554Z",1.07927,1.07933
"exness","EURUSD","2023-06-14 01:58:44.595Z",1.07926,1.07931
"exness","EURUSD","2023-06-14 01:58:44.681Z",1.07925,1.07931
"exness","EURUSD","2023-06-14 01:58:55.201Z",1.07926,1.07932
"exness","EURUSD","2023-06-14 01:59:03.697Z",1.07925,1.07931
"exness","EURUSD","2023-06-14 01:59:04.593Z",1.07923,1.0793
"exness","EURUSD","2023-06-14 01:59:04.668Z",1.07923,1.07928
"exness","EURUSD","2023-06-14 01:59:05.079Z",1.07921,1.07928
"exness","EURUSD","2023-06-14 01:59:12.702Z",1.07924,1.0793
"exness","EURUSD","2023-06-14 01:59:12.741Z",1.07925,1.07931
"exness","EURUSD","2023-06-14 01:59:12.978Z",1.07927,1.07932
"exness","EURUSD","2023-06-14 01:59:15.259Z",1.07927,1.07934
"exness","EURUSD","2023-06-14 01:59:15.497Z",1.07929,1.07935
"exness","EURUSD","2023-06-14 01:59:19.167Z",1.07927,1.07933
"exness","EURUSD","2023-06-14 01:59:51.771Z",1.07928,1.07935
"exness","EURUSD","2023-06-14 01:59:51.805Z",1.0793,1.07936
"exness","EURUSD","2023-06-14 01:59:52.206Z",1.07931,1.07938
"exness","EURUSD","2023-06-14 01:59:55.625Z",1.07933,1.07938
"exness","EURUSD","2023-06-14 01:59:55.789Z",1.07934,1.0794
"exness","EURUSD","2023-06-14 01:59:56.793Z",1.07935,1.07941
"exness","EURUSD","2023-06-14 02:00:03.369Z",1.07935,1.0794
"exness","EURUSD","2023-06-14 02:00:03.700Z",1.07933,1.0794
"exness","EURUSD","2023-06-14 02:00:15.308Z",1.07935,1.07941
"exness","EURUSD","2023-06-14 02:00:16.977Z",1.07936,1.07942
"exness","EURUSD","2023-06-14 02:00:21.300Z",1.07934,1.0794
"exness","EURUSD","2023-06-14 02:00:21.457Z",1.07933,1.07938
"exness","EURUSD","2023-06-14 02:00:31.605Z",1.07934,1.0794
"exness","EURUSD","2023-06-14 02:00:40.440Z",1.07935,1.07941
"exness","EURUSD","2023-06-14 02:00:53.673Z",1.07936,1.07941
"exness","EURUSD","2023-06-14 02:00:55.702Z",1.07936,1.07943
"exness","EURUSD","2023-06-14 02:00:57.769Z",1.07938,1.07945
"exness","EURUSD","2023-06-14 02:00:58.762Z",1.0794,1.07945
"exness","EURUSD","2023-06-14 02:00:59.273Z",1.07938,1.07944
"exness","EURUSD","2023-06-14 02:00:59.284Z",1.07936,1.07943
"exness","EURUSD","2023-06-14 02:00:59.301Z",1.07935,1.07941
"exness","EURUSD","2023-06-14 02:00:59.579Z",1.07934,1.07939
"exness","EURUSD","2023-06-14 02:00:59.615Z",1.07932,1.07939
"exness","EURUSD","2023-06-14 02:01:03.528Z",1.07934,1.07941
"exness","EURUSD","2023-06-14 02:01:06.059Z",1.07936,1.07941
"exness","EURUSD","2023-06-14 02:01:07.288Z",1.07934,1.07941
"exness","EURUSD","2023-06-14 02:01:16.317Z",1.07932,1.07938
"exness","EURUSD","2023-06-14 02:01:29.934Z",1.0793,1.07936
"exness","EURUSD","2023-06-14 02:01:30.339Z",1.07928,1.07935
"exness","EURUSD","2023-06-14 02:01:30.387Z",1.07927,1.07933
"exness","EURUSD","2023-06-14 02:01:36.665Z",1.07928,1.07934
"exness","EURUSD","2023-06-14 02:01:40.088Z",1.07929,1.07936
"exness","EURUSD","2023-06-14 02:01:55.992Z",1.07931,1.07938
"exness","EURUSD","2023-06-14 02:02:01.614Z",1.07931,1.07936
"exness","EURUSD","2023-06-14 02:02:14.987Z",1.07931,1.07938
"exness","EURUSD","2023-06-14 02:02:31.073Z",1.07933,1.07939
"exness","EURUSD","2023-06-14 02:02:31.104Z",1.07934,1.07941
"exness","EURUSD","2023-06-14 02:02:34.710Z",1.07936,1.07942
"exness","EURUSD","2023-06-14 02:02:44.181Z",1.07934,1.0794
"exness","EURUSD","2023-06-14 02:02:45.240Z",1.07933,1.07939
"exness","EURUSD","2023-06-14 02:02:46.203Z",1.07931,1.07938
"exness","EURUSD","2023-06-14 02:02:47.230Z",1.0793,1.07936
"exness","EURUSD","2023-06-14 02:02:50.886Z",1.07929,1.07935
"exness","EURUSD","2023-06-14 02:02:53.285Z",1.07931,1.07936
"exness","EURUSD","2023-06-14 02:02:57.731Z",1.07932,1.07938
"exness","EURUSD","2023-06-14 02:03:04.214Z",1.07932,1.07937
"exness","EURUSD","2023-06-14 02:03:20.439Z",1.07931,1.07937
"exness","EURUSD","2023-06-14 02:03:21.968Z",1.07929,1.07935
"exness","EURUSD","2023-06-14 02:03:30.475Z",1.0793,1.07936
"exness","EURUSD","2023-06-14 02:03:35.356Z",1.07929,1.07934
"exness","EURUSD","2023-06-14 02:03:43.784Z",1.07926,1.07933
"exness","EURUSD","2023-06-14 02:03:43.823Z",1.07925,1.07931
"exness","EURUSD","2023-06-14 02:03:45.159Z",1.07924,1.0793
"exness","EURUSD","2023-06-14 02:04:01.143Z",1.07925,1.07931
"exness","EURUSD","2023-06-14 02:04:09.546Z",1.07923,1.0793
"exness","EURUSD","2023-06-14 02:04:09.628Z",1.07922,1.07928
"exness","EURUSD","2023-06-14 02:04:10.369Z",1.07922,1.07927
"exness","EURUSD","2023-06-14 02:04:14.165Z",1.0792,1.07926
"exness","EURUSD","2023-06-14 02:04:43.056Z",1.07919,1.07925
"exness","EURUSD","2023-06-14 02:04:43.086Z",1.07917,1.07924
"exness","EURUSD","2023-06-14 02:04:43.122Z",1.07916,1.07922
"exness","EURUSD","2023-06-14 02:04:43.761Z",1.07915,1.0792
"exness","EURUSD","2023-06-14 02:04:59.367Z",1.07913,1.07919
"exness","EURUSD","2023-06-14 02:04:59.504Z",1.07911,1.07918
"exness","EURUSD","2023-06-14 02:05:00.670Z",1.07911,1.07916
"exness","EURUSD","2023-06-14 02:05:13.205Z",1.07911,1.07918
"exness","EURUSD","2023-06-14 02:05:13.234Z",1.07913,1.07919
"exness","EURUSD","2023-06-14 02:05:13.271Z",1.07914,1.07921
"exness","EURUSD","2023-06-14 02:05:16.778Z",1.07916,1.07921
"exness","EURUSD","2023-06-14 02:05:32.618Z",1.07913,1.0792
"exness","EURUSD","2023-06-14 02:05:34.772Z",1.07912,1.07918
"exness","EURUSD","2023-06-14 02:05:43.198Z",1.07913,1.07919
"exness","EURUSD","2023-06-14 02:05:48.015Z",1.07914,1.0792
"exness","EURUSD","2023-06-14 02:06:02.034Z",1.07915,1.0792
"exness","EURUSD","2023-06-14 02:06:14.298Z",1.07913,1.07919
"exness","EURUSD","2023-06-14 02:06:35.233Z",1.07912,1.07918
"exness","EURUSD","2023-06-14 02:07:04.401Z",1.0791,1.07916
"exness","EURUSD","2023-06-14 02:07:04.424Z",1.07908,1.07915
"exness","EURUSD","2023-06-14 02:07:04.501Z",1.07907,1.07913
"exness","EURUSD","2023-06-14 02:07:05.346Z",1.07905,1.07912
"exness","EURUSD","2023-06-14 02:07:05.402Z",1.07905,1.0791
"exness","EURUSD","2023-06-14 02:07:06.163Z",1.07905,1.07911
"exness","EURUSD","2023-06-14 02:07:12.272Z",1.07904,1.0791
"exness","EURUSD","2023-06-14 02:07:20.632Z",1.07903,1.0790899999999999
"exness","EURUSD","2023-06-14 02:07:25.989Z",1.07904,1.0791
"exness","EURUSD","2023-06-14 02:07:32.683Z",1.07902,1.0790899999999999
"exness","EURUSD","2023-06-14 02:07:45.132Z",1.07902,1.07907
"exness","EURUSD","2023-06-14 02:07:48.017Z",1.07903,1.0790899999999999
"exness","EURUSD","2023-06-14 02:07:51.095Z",1.07905,1.07911
"exness","EURUSD","2023-06-14 02:08:09.333Z",1.07906,1.07911
"exness","EURUSD","2023-06-14 02:08:09.361Z",1.07907,1.07913
"exness","EURUSD","2023-06-14 02:08:17.162Z",1.07908,1.07914
"exness","EURUSD","2023-06-14 02:08:17.246Z",1.0791,1.07916
"exness","EURUSD","2023-06-14 02:08:22.060Z",1.0790899999999999,1.07914
"exness","EURUSD","2023-06-14 02:08:22.431Z",1.07907,1.07914
"exness","EURUSD","2023-06-14 02:08:22.508Z",1.07907,1.07912
"exness","EURUSD","2023-06-14 02:08:24.826Z",1.07906,1.07912
"exness","EURUSD","2023-06-14 02:08:30.870Z",1.07907,1.07912
"exness","EURUSD","2023-06-14 02:08:36.742Z",1.07906,1.07912
"exness","EURUSD","2023-06-14 02:08:50.982Z",1.07907,1.07914
"exness","EURUSD","2023-06-14 02:08:51.018Z",1.0790899999999999,1.07915
"exness","EURUSD","2023-06-14 02:08:51.055Z",1.0791,1.07917
"exness","EURUSD","2023-06-14 02:08:51.239Z",1.07912,1.07917
"exness","EURUSD","2023-06-14 02:08:53.221Z",1.0791,1.07916
"exness","EURUSD","2023-06-14 02:09:05.357Z",1.07912,1.07918
"exness","EURUSD","2023-06-14 02:09:07.637Z",1.07913,1.0792
"exness","EURUSD","2023-06-14 02:09:07.654Z",1.07915,1.07921
"exness","EURUSD","2023-06-14 02:09:16.610Z",1.07914,1.0792
"exness","EURUSD","2023-06-14 02:09:16.709Z",1.07912,1.07918
"exness","EURUSD","2023-06-14 02:09:16.728Z",1.0791,1.07916
"exness","EURUSD","2023-06-14 02:09:24.021Z",1.07911,1.07917
"exness","EURUSD","2023-06-14 02:09:42.388Z",1.07914,1.0792
"exness","EURUSD","2023-06-14 02:09:43.817Z",1.07915,1.07921
"exness","EURUSD","2023-06-14 02:09:54.344Z",1.07915,1.0792
"exness","EURUSD","2023-06-14 02:10:01.597Z",1.07913,1.07919
"exness","EURUSD","2023-06-14 02:10:04.699Z",1.07912,1.07918
"exness","EURUSD","2023-06-14 02:10:04.755Z",1.0791,1.07917
"exness","EURUSD","2023-06-14 02:10:05.303Z",1.0790899999999999,1.07915
"exness","EURUSD","2023-06-14 02:10:07.519Z",1.07911,1.07916
"exness","EURUSD","2023-06-14 02:10:09.117Z",1.07911,1.07917
"exness","EURUSD","2023-06-14 02:10:24.893Z",1.07912,1.07917
"exness","EURUSD","2023-06-14 02:10:55.401Z",1.0791,1.07916
"exness","EURUSD","2023-06-14 02:10:55.443Z",1.0790899999999999,1.07915
"exness","EURUSD","2023-06-14 02:10:55.880Z",1.07907,1.07913
"exness","EURUSD","2023-06-14 02:10:56.287Z",1.07906,1.07912
"exness","EURUSD","2023-06-14 02:11:03.437Z",1.07903,1.0791
"exness","EURUSD","2023-06-14 02:11:03.717Z",1.07902,1.07908
"exness","EURUSD","2023-06-14 02:11:08.293Z",1.07903,1.0790899999999999
"exness","EURUSD","2023-06-14 02:11:13.516Z",1.07904,1.0791
"exness","EURUSD","2023-06-14 02:11:23.357Z",1.07906,1.07912
"exness","EURUSD","2023-06-14 02:11:29.217Z",1.07907,1.07912
"exness","EURUSD","2023-06-14 02:11:42.276Z",1.07908,1.07914
"exness","EURUSD","2023-06-14 02:11:42.286Z",1.0791,1.07916
"exness","EURUSD","2023-06-14 02:11:42.385Z",1.07911,1.07916
"exness","EURUSD","2023-06-14 02:12:03.024Z",1.07912,1.07918
"exness","EURUSD","2023-06-14 02:12:03.046Z",1.07914,1.0792
"exness","EURUSD","2023-06-14 02:12:03.074Z",1.07915,1.07922
"exness","EURUSD","2023-06-14 02:12:25.681Z",1.07914,1.0792
"exness","EURUSD","2023-06-14 02:12:25.923Z",1.07915,1.0792
"exness","EURUSD","2023-06-14 02:12:45.782Z",1.07915,1.07922
"exness","EURUSD","2023-06-14 02:13:22.532Z",1.07915,1.0792
"exness","EURUSD","2023-06-14 02:13:29.124Z",1.07914,1.0792
"exness","EURUSD","2023-06-14 02:13:29.154Z",1.07912,1.07918
"exness","EURUSD","2023-06-14 02:13:48.500Z",1.07914,1.0792
"exness","EURUSD","2023-06-14 02:13:48.532Z",1.07915,1.07921
"exness","EURUSD","2023-06-14 02:13:48.894Z",1.07917,1.07922
"exness","EURUSD","2023-06-14 02:14:01.617Z",1.07917,1.07923
"exness","EURUSD","2023-06-14 02:14:08.005Z",1.07918,1.07923
"exness","EURUSD","2023-06-14 02:14:09.911Z",1.07917,1.07923
"exness","EURUSD","2023-06-14 02:14:13.412Z",1.07918,1.07924
"exness","EURUSD","2023-06-14 02:14:29.450Z",1.0792,1.07926
"exness","EURUSD","2023-06-14 02:14:31.709Z",1.07921,1.07928
"exness","EURUSD","2023-06-14 02:14:31.741Z",1.07923,1.07929
"exness","EURUSD","2023-06-14 02:14:32.882Z",1.07924,1.07929
"exness","EURUSD","2023-06-14 02:14:55.936Z",1.07925,1.07931
"exness","EURUSD","2023-06-14 02:15:11.948Z",1.07924,1.0793
"exness","EURUSD","2023-06-14 02:15:29.308Z",1.07922,1.07929
"exness","EURUSD","2023-06-14 02:15:55.602Z",1.0792,1.07926
"exness","EURUSD","2023-06-14 02:15:55.627Z",1.07918,1.07924
"exness","EURUSD","2023-06-14 02:15:55.656Z",1.07917,1.07923
"exness","EURUSD","2023-06-14 02:15:55.703Z",1.07915,1.07921
"exness","EURUSD","2023-06-14 02:15:56.715Z",1.07914,1.0792
"exness","EURUSD","2023-06-14 02:16:07.089Z",1.07915,1.07921
"exness","EURUSD","2023-06-14 02:16:30.949Z",1.07917,1.07922
"exness","EURUSD","2023-06-14 02:16:31.563Z",1.07915,1.07921
"exness","EURUSD","2023-06-14 02:16:55.302Z",1.07917,1.07922
"exness","EURUSD","2023-06-14 02:16:58.693Z",1.07916,1.07922
"exness","EURUSD","2023-06-14 02:17:14.581Z",1.07917,1.07923
"exness","EURUSD","2023-06-14 02:17:35.693Z",1.07919,1.07926
"exness","EURUSD","2023-06-14 02:17:37.089Z",1.07921,1.07926
"exness","EURUSD","2023-06-14 02:17:47.714Z",1.07919,1.07925
"exness","EURUSD","2023-06-14 02:17:47.853Z",1.07917,1.07923
"exness","EURUSD","2023-06-14 02:17:52.355Z",1.07917,1.07922
"exness","EURUSD","2023-06-14 02:18:10.143Z",1.07918,1.07924
"exness","EURUSD","2023-06-14 02:18:10.170Z",1.0792,1.07926
"exness","EURUSD","2023-06-14 02:18:10.181Z",1.07921,1.07928
