"Exness","Symbol","Timestamp","Bid","Ask"
"exness","EURUSD","2023-06-02 00:00:03.170Z",1.07601,1.07607
"exness","EURUSD","2023-06-02 00:00:03.377Z",1.07599,1.07605
"exness","EURUSD","2023-06-02 00:00:03.824Z",1.07601,1.07606
"exness","EURUSD","2023-06-02 00:00:05.762Z",1.07601,1.07607
"exness","EURUSD","2023-06-02 00:00:05.780Z",1.07602,1.07607
"exness","EURUSD","2023-06-02 00:00:05.881Z",1.07601,1.07607
"exness","EURUSD","2023-06-02 00:00:06.253Z",1.07599,1.07605
"exness","EURUSD","2023-06-02 00:00:06.262Z",1.07597,1.07603
"exness","EURUSD","2023-06-02 00:00:10.751Z",1.07596,1.07602
"exness","EURUSD","2023-06-02 00:00:15.452Z",1.07597,1.07603
"exness","EURUSD","2023-06-02 00:00:15.472Z",1.07599,1.07605
"exness","EURUSD","2023-06-02 00:00:15.486Z",1.076,1.07606
"exness","EURUSD","2023-06-02 00:00:15.553Z",1.07602,1.07608
"exness","EURUSD","2023-06-02 00:00:15.996Z",1.07603,1.0761
"exness","EURUSD","2023-06-02 00:00:16.020Z",1.07605,1.0761
"exness","EURUSD","2023-06-02 00:00:16.480Z",1.07605,1.07612
"exness","EURUSD","2023-06-02 00:00:16.529Z",1.07607,1.07613
"exness","EURUSD","2023-06-02 00:00:25.247Z",1.07606,1.07612
"exness","EURUSD","2023-06-02 00:00:31.552Z",1.07607,1.07613
"exness","EURUSD","2023-06-02 00:00:32.020Z",1.07609,1.07615
"exness","EURUSD","2023-06-02 00:00:32.072Z",1.0761,1.07617
"exness","EURUSD","2023-06-02 00:00:33.791Z",1.07611,1.07618
"exness","EURUSD","2023-06-02 00:00:34.692Z",1.07613,1.07618
"exness","EURUSD","2023-06-02 00:00:37.999Z",1.07612,1.07617
"exness","EURUSD","2023-06-02 00:00:38.832Z",1.0761,1.07616
"exness","EURUSD","2023-06-02 00:00:41.170Z",1.07612,1.07618
"exness","EURUSD","2023-06-02 00:00:43.275Z",1.07614,1.0762
"exness","EURUSD","2023-06-02 00:00:44.782Z",1.07616,1.07622
"exness","EURUSD","2023-06-02 00:00:44.863Z",1.07617,1.07624
"exness","EURUSD","2023-06-02 00:00:45.251Z",1.07619,1.07625
"exness","EURUSD","2023-06-02 00:00:45.264Z",1.07621,1.07627
"exness","EURUSD","2023-06-02 00:00:48.480Z",1.07618,1.07625
"exness","EURUSD","2023-06-02 00:00:48.513Z",1.07617,1.07623
"exness","EURUSD","2023-06-02 00:00:48.583Z",1.07617,1.07622
"exness","EURUSD","2023-06-02 00:01:02.154Z",1.07617,1.07623
"exness","EURUSD","2023-06-02 00:01:05.155Z",1.07619,1.07625
"exness","EURUSD","2023-06-02 00:01:05.193Z",1.07621,1.07627
"exness","EURUSD","2023-06-02 00:01:06.254Z",1.07622,1.07628
"exness","EURUSD","2023-06-02 00:01:08.260Z",1.0762,1.07626
"exness","EURUSD","2023-06-02 00:01:08.818Z",1.07619,1.07624
"exness","EURUSD","2023-06-02 00:01:19.187Z",1.07619,1.07626
"exness","EURUSD","2023-06-02 00:01:32.579Z",1.07621,1.07626
"exness","EURUSD","2023-06-02 00:01:34.423Z",1.07619,1.07625
"exness","EURUSD","2023-06-02 00:01:40.126Z",1.07619,1.07624
"exness","EURUSD","2023-06-02 00:01:40.867Z",1.07619,1.07626
"exness","EURUSD","2023-06-02 00:01:43.947Z",1.0762,1.07625
"exness","EURUSD","2023-06-02 00:01:46.064Z",1.07619,1.07625
"exness","EURUSD","2023-06-02 00:01:56.628Z",1.07618,1.07624
"exness","EURUSD","2023-06-02 00:01:56.870Z",1.07616,1.07622
"exness","EURUSD","2023-06-02 00:01:56.929Z",1.07615,1.07621
"exness","EURUSD","2023-06-02 00:02:00.474Z",1.07614,1.07619
"exness","EURUSD","2023-06-02 00:02:12.139Z",1.07615,1.07621
"exness","EURUSD","2023-06-02 00:02:12.147Z",1.07616,1.07623
"exness","EURUSD","2023-06-02 00:02:13.301Z",1.07616,1.07621
"exness","EURUSD","2023-06-02 00:02:13.818Z",1.07615,1.07621
"exness","EURUSD","2023-06-02 00:02:16.036Z",1.07615,1.0762
"exness","EURUSD","2023-06-02 00:02:28.859Z",1.07612,1.07619
"exness","EURUSD","2023-06-02 00:02:28.934Z",1.07612,1.07617
"exness","EURUSD","2023-06-02 00:02:28.987Z",1.0761,1.07616
"exness","EURUSD","2023-06-02 00:02:31.011Z",1.07609,1.07614
"exness","EURUSD","2023-06-02 00:02:32.021Z",1.07608,1.07614
"exness","EURUSD","2023-06-02 00:02:32.831Z",1.07606,1.07613
"exness","EURUSD","2023-06-02 00:02:36.158Z",1.07608,1.07614
"exness","EURUSD","2023-06-02 00:02:36.753Z",1.07609,1.07614
"exness","EURUSD","2023-06-02 00:02:40.853Z",1.07607,1.07613
"exness","EURUSD","2023-06-02 00:02:43.437Z",1.07608,1.07614
"exness","EURUSD","2023-06-02 00:03:06.346Z",1.07609,1.07616
"exness","EURUSD","2023-06-02 00:03:06.375Z",1.07611,1.07617
"exness","EURUSD","2023-06-02 00:03:06.990Z",1.07613,1.07618
"exness","EURUSD","2023-06-02 00:03:09.099Z",1.07613,1.07619
"exness","EURUSD","2023-06-02 00:03:10.515Z",1.07611,1.07617
"exness","EURUSD","2023-06-02 00:03:14.819Z",1.07614,1.0762
"exness","EURUSD","2023-06-02 00:03:21.275Z",1.07616,1.07622
"exness","EURUSD","2023-06-02 00:03:22.769Z",1.07617,1.07622
"exness","EURUSD","2023-06-02 00:03:23.090Z",1.07617,1.07624
"exness","EURUSD","2023-06-02 00:03:31.183Z",1.07619,1.07625
"exness","EURUSD","2023-06-02 00:03:32.389Z",1.0762,1.07626
"exness","EURUSD","2023-06-02 00:03:34.144Z",1.07619,1.07625
"exness","EURUSD","2023-06-02 00:03:35.435Z",1.07617,1.07624
"exness","EURUSD","2023-06-02 00:03:35.908Z",1.07616,1.07622
"exness","EURUSD","2023-06-02 00:03:37.229Z",1.07616,1.07621
"exness","EURUSD","2023-06-02 00:03:48.722Z",1.07614,1.07621
"exness","EURUSD","2023-06-02 00:03:48.791Z",1.07613,1.07619
"exness","EURUSD","2023-06-02 00:03:50.117Z",1.07611,1.07618
"exness","EURUSD","2023-06-02 00:04:01.748Z",1.0761,1.07616
"exness","EURUSD","2023-06-02 00:04:02.708Z",1.07612,1.07618
"exness","EURUSD","2023-06-02 00:04:05.982Z",1.07611,1.07616
"exness","EURUSD","2023-06-02 00:04:06.830Z",1.07609,1.07616
"exness","EURUSD","2023-06-02 00:04:08.057Z",1.07608,1.07614
"exness","EURUSD","2023-06-02 00:04:09.732Z",1.07607,1.07613
"exness","EURUSD","2023-06-02 00:04:15.129Z",1.07606,1.07612
"exness","EURUSD","2023-06-02 00:04:15.587Z",1.0760399999999999,1.0761
"exness","EURUSD","2023-06-02 00:04:17.455Z",1.07603,1.07609
"exness","EURUSD","2023-06-02 00:04:22.791Z",1.07602,1.07608
"exness","EURUSD","2023-06-02 00:04:25.643Z",1.076,1.07606
"exness","EURUSD","2023-06-02 00:04:28.180Z",1.07599,1.07605
"exness","EURUSD","2023-06-02 00:04:39.244Z",1.07601,1.07606
"exness","EURUSD","2023-06-02 00:04:39.489Z",1.07601,1.07607
"exness","EURUSD","2023-06-02 00:05:02.023Z",1.076,1.07606
"exness","EURUSD","2023-06-02 00:05:05.476Z",1.07601,1.07606
"exness","EURUSD","2023-06-02 00:05:06.622Z",1.076,1.07606
"exness","EURUSD","2023-06-02 00:05:12.691Z",1.07601,1.07606
"exness","EURUSD","2023-06-02 00:05:14.366Z",1.07602,1.07608
"exness","EURUSD","2023-06-02 00:05:18.453Z",1.07603,1.07609
"exness","EURUSD","2023-06-02 00:05:18.695Z",1.07605,1.07611
"exness","EURUSD","2023-06-02 00:05:22.051Z",1.07607,1.07613
"exness","EURUSD","2023-06-02 00:05:22.237Z",1.07608,1.07613
"exness","EURUSD","2023-06-02 00:05:25.920Z",1.07609,1.07615
"exness","EURUSD","2023-06-02 00:05:29.810Z",1.07611,1.07616
"exness","EURUSD","2023-06-02 00:05:29.899Z",1.07611,1.07618
"exness","EURUSD","2023-06-02 00:05:31.144Z",1.07613,1.07618
"exness","EURUSD","2023-06-02 00:05:31.446Z",1.07614,1.0762
"exness","EURUSD","2023-06-02 00:05:32.125Z",1.07615,1.0762
"exness","EURUSD","2023-06-02 00:05:39.953Z",1.07616,1.07622
"exness","EURUSD","2023-06-02 00:05:40.953Z",1.07618,1.07623
"exness","EURUSD","2023-06-02 00:05:44.917Z",1.07618,1.07624
"exness","EURUSD","2023-06-02 00:05:48.002Z",1.07619,1.07624
"exness","EURUSD","2023-06-02 00:05:48.011Z",1.07619,1.07626
"exness","EURUSD","2023-06-02 00:05:48.021Z",1.07621,1.07627
"exness","EURUSD","2023-06-02 00:05:48.124Z",1.07623,1.07629
"exness","EURUSD","2023-06-02 00:05:48.606Z",1.07624,1.0763
"exness","EURUSD","2023-06-02 00:05:48.619Z",1.07626,1.07632
"exness","EURUSD","2023-06-02 00:05:50.284Z",1.07627,1.07632
"exness","EURUSD","2023-06-02 00:05:52.955Z",1.07628,1.07634
"exness","EURUSD","2023-06-02 00:05:52.975Z",1.0763,1.07636
"exness","EURUSD","2023-06-02 00:05:54.081Z",1.07629,1.07635
"exness","EURUSD","2023-06-02 00:05:55.504Z",1.07627,1.07633
"exness","EURUSD","2023-06-02 00:05:56.195Z",1.07626,1.07632
"exness","EURUSD","2023-06-02 00:05:56.970Z",1.07625,1.0763
"exness","EURUSD","2023-06-02 00:06:00.281Z",1.07624,1.0763
"exness","EURUSD","2023-06-02 00:06:00.334Z",1.07622,1.07629
"exness","EURUSD","2023-06-02 00:06:00.355Z",1.07621,1.07627
"exness","EURUSD","2023-06-02 00:06:01.168Z",1.07619,1.07626
"exness","EURUSD","2023-06-02 00:06:05.560Z",1.07618,1.07624
"exness","EURUSD","2023-06-02 00:06:05.578Z",1.07616,1.07623
"exness","EURUSD","2023-06-02 00:06:07.526Z",1.07616,1.07621
"exness","EURUSD","2023-06-02 00:06:12.137Z",1.07614,1.0762
"exness","EURUSD","2023-06-02 00:06:14.664Z",1.07614,1.07619
"exness","EURUSD","2023-06-02 00:06:18.018Z",1.07612,1.07618
"exness","EURUSD","2023-06-02 00:06:19.176Z",1.07612,1.07617
"exness","EURUSD","2023-06-02 00:06:20.005Z",1.07613,1.07619
"exness","EURUSD","2023-06-02 00:06:23.323Z",1.07611,1.07618
"exness","EURUSD","2023-06-02 00:06:28.459Z",1.07613,1.07618
"exness","EURUSD","2023-06-02 00:06:29.854Z",1.07611,1.07617
"exness","EURUSD","2023-06-02 00:06:30.516Z",1.07611,1.07616
"exness","EURUSD","2023-06-02 00:06:31.529Z",1.07611,1.07617
"exness","EURUSD","2023-06-02 00:06:40.208Z",1.07612,1.07618
"exness","EURUSD","2023-06-02 00:06:40.999Z",1.0761,1.07617
"exness","EURUSD","2023-06-02 00:06:42.445Z",1.07609,1.07615
"exness","EURUSD","2023-06-02 00:06:45.315Z",1.07611,1.07617
"exness","EURUSD","2023-06-02 00:06:47.668Z",1.07613,1.07619
"exness","EURUSD","2023-06-02 00:06:50.339Z",1.07615,1.07621
"exness","EURUSD","2023-06-02 00:06:50.348Z",1.07616,1.07621
"exness","EURUSD","2023-06-02 00:06:50.386Z",1.07616,1.07623
"exness","EURUSD","2023-06-02 00:06:54.767Z",1.07614,1.07621
"exness","EURUSD","2023-06-02 00:06:58.949Z",1.07615,1.0762
"exness","EURUSD","2023-06-02 00:07:00.060Z",1.07615,1.07621
"exness","EURUSD","2023-06-02 00:07:00.142Z",1.07617,1.07623
"exness","EURUSD","2023-06-02 00:07:05.117Z",1.07619,1.07625
"exness","EURUSD","2023-06-02 00:07:10.351Z",1.07621,1.07627
"exness","EURUSD","2023-06-02 00:07:25.102Z",1.0762,1.07626
"exness","EURUSD","2023-06-02 00:07:27.771Z",1.07621,1.07626
"exness","EURUSD","2023-06-02 00:07:31.053Z",1.0762,1.07626
"exness","EURUSD","2023-06-02 00:07:37.556Z",1.07619,1.07624
"exness","EURUSD","2023-06-02 00:07:48.870Z",1.07619,1.07625
"exness","EURUSD","2023-06-02 00:07:50.302Z",1.0762,1.07627
"exness","EURUSD","2023-06-02 00:07:52.677Z",1.07621,1.07628
"exness","EURUSD","2023-06-02 00:07:53.591Z",1.07623,1.07628
"exness","EURUSD","2023-06-02 00:07:55.387Z",1.07624,1.0763
"exness","EURUSD","2023-06-02 00:07:55.419Z",1.07625,1.0763
"exness","EURUSD","2023-06-02 00:07:56.335Z",1.07625,1.07632
"exness","EURUSD","2023-06-02 00:08:10.522Z",1.07627,1.07632
"exness","EURUSD","2023-06-02 00:08:14.300Z",1.07627,1.07633
"exness","EURUSD","2023-06-02 00:08:24.611Z",1.07629,1.07635
"exness","EURUSD","2023-06-02 00:08:24.857Z",1.07631,1.07637
"exness","EURUSD","2023-06-02 00:08:24.870Z",1.07632,1.07638
"exness","EURUSD","2023-06-02 00:08:24.932Z",1.07634,1.07639
"exness","EURUSD","2023-06-02 00:08:24.939Z",1.07634,1.0764
"exness","EURUSD","2023-06-02 00:08:24.994Z",1.07636,1.07642
"exness","EURUSD","2023-06-02 00:08:33.306Z",1.07637,1.07643
"exness","EURUSD","2023-06-02 00:08:36.490Z",1.07638,1.07644
"exness","EURUSD","2023-06-02 00:08:39.554Z",1.07637,1.07643
"exness","EURUSD","2023-06-02 00:08:39.569Z",1.07635,1.07642
"exness","EURUSD","2023-06-02 00:08:39.906Z",1.07634,1.0764
"exness","EURUSD","2023-06-02 00:08:41.911Z",1.07632,1.07639
"exness","EURUSD","2023-06-02 00:08:41.932Z",1.07631,1.07637
"exness","EURUSD","2023-06-02 00:08:47.049Z",1.07632,1.07638
"exness","EURUSD","2023-06-02 00:08:51.276Z",1.07633,1.07639
"exness","EURUSD","2023-06-02 00:08:51.341Z",1.07635,1.07641
"exness","EURUSD","2023-06-02 00:08:58.046Z",1.07633,1.0764
"exness","EURUSD","2023-06-02 00:09:02.510Z",1.07631,1.07637
"exness","EURUSD","2023-06-02 00:09:02.648Z",1.07629,1.07635
"exness","EURUSD","2023-06-02 00:09:03.590Z",1.07628,1.07633
"exness","EURUSD","2023-06-02 00:09:15.339Z",1.07626,1.07633
"exness","EURUSD","2023-06-02 00:09:23.397Z",1.07625,1.0763
"exness","EURUSD","2023-06-02 00:09:24.338Z",1.07625,1.07632
"exness","EURUSD","2023-06-02 00:09:28.851Z",1.07627,1.07632
"exness","EURUSD","2023-06-02 00:09:37.663Z",1.07626,1.07632
"exness","EURUSD","2023-06-02 00:09:38.471Z",1.07627,1.07632
"exness","EURUSD","2023-06-02 00:09:39.482Z",1.07628,1.07634
"exness","EURUSD","2023-06-02 00:09:56.945Z",1.07627,1.07633
"exness","EURUSD","2023-06-02 00:10:01.332Z",1.07629,1.07635
"exness","EURUSD","2023-06-02 00:10:01.367Z",1.0763,1.07636
"exness","EURUSD","2023-06-02 00:10:01.961Z",1.07631,1.07636
"exness","EURUSD","2023-06-02 00:10:12.072Z",1.07632,1.07638
"exness","EURUSD","2023-06-02 00:10:16.473Z",1.07633,1.07638
"exness","EURUSD","2023-06-02 00:10:17.161Z",1.07634,1.0764
"exness","EURUSD","2023-06-02 00:10:18.358Z",1.07636,1.07642
"exness","EURUSD","2023-06-02 00:10:19.479Z",1.07637,1.07642
"exness","EURUSD","2023-06-02 00:10:20.309Z",1.07638,1.07644
"exness","EURUSD","2023-06-02 00:10:21.072Z",1.07639,1.07644
"exness","EURUSD","2023-06-02 00:10:21.253Z",1.07639,1.07646
"exness","EURUSD","2023-06-02 00:10:23.635Z",1.07642,1.07647
"exness","EURUSD","2023-06-02 00:10:24.686Z",1.0764,1.07647
"exness","EURUSD","2023-06-02 00:10:26.182Z",1.07639,1.07645
"exness","EURUSD","2023-06-02 00:10:26.928Z",1.07637,1.07644
"exness","EURUSD","2023-06-02 00:10:26.956Z",1.07637,1.07642
"exness","EURUSD","2023-06-02 00:10:27.247Z",1.07636,1.07642
"exness","EURUSD","2023-06-02 00:10:30.794Z",1.07637,1.07643
"exness","EURUSD","2023-06-02 00:10:32.849Z",1.07636,1.07642
"exness","EURUSD","2023-06-02 00:10:36.998Z",1.07636,1.07641
"exness","EURUSD","2023-06-02 00:10:37.097Z",1.07636,1.07642
"exness","EURUSD","2023-06-02 00:10:37.284Z",1.07637,1.07642
"exness","EURUSD","2023-06-02 00:10:38.456Z",1.07636,1.07643
"exness","EURUSD","2023-06-02 00:10:45.722Z",1.07637,1.07644
"exness","EURUSD","2023-06-02 00:11:01.860Z",1.07636,1.07642
"exness","EURUSD","2023-06-02 00:11:04.201Z",1.07635,1.07641
"exness","EURUSD","2023-06-02 00:11:04.273Z",1.07633,1.07639
"exness","EURUSD","2023-06-02 00:11:05.285Z",1.07633,1.07638
"exness","EURUSD","2023-06-02 00:11:06.330Z",1.07632,1.07638
"exness","EURUSD","2023-06-02 00:11:10.429Z",1.07631,1.07637
"exness","EURUSD","2023-06-02 00:11:13.766Z",1.07632,1.07637
"exness","EURUSD","2023-06-02 00:11:16.063Z",1.07633,1.07639
"exness","EURUSD","2023-06-02 00:11:18.957Z",1.07632,1.07638
"exness","EURUSD","2023-06-02 00:11:21.270Z",1.07632,1.07637
"exness","EURUSD","2023-06-02 00:11:34.719Z",1.07631,1.07637
"exness","EURUSD","2023-06-02 00:11:38.304Z",1.0763,1.07636
"exness","EURUSD","2023-06-02 00:11:39.423Z",1.07628,1.07635
"exness","EURUSD","2023-06-02 00:11:43.965Z",1.07628,1.07633
"exness","EURUSD","2023-06-02 00:11:44.794Z",1.07626,1.07632
"exness","EURUSD","2023-06-02 00:11:46.165Z",1.07624,1.07631
"exness","EURUSD","2023-06-02 00:11:49.920Z",1.07624,1.07629
"exness","EURUSD","2023-06-02 00:11:52.194Z",1.07623,1.07629
"exness","EURUSD","2023-06-02 00:12:29.737Z",1.07621,1.07628
"exness","EURUSD","2023-06-02 00:12:39.667Z",1.07619,1.07626
"exness","EURUSD","2023-06-02 00:12:40.762Z",1.07618,1.07625
"exness","EURUSD","2023-06-02 00:12:41.940Z",1.07617,1.07623
"exness","EURUSD","2023-06-02 00:12:48.301Z",1.07615,1.07622
"exness","EURUSD","2023-06-02 00:12:53.579Z",1.07613,1.07619
"exness","EURUSD","2023-06-02 00:12:53.746Z",1.07612,1.07617
"exness","EURUSD","2023-06-02 00:12:54.763Z",1.07612,1.07618
"exness","EURUSD","2023-06-02 00:12:55.341Z",1.07611,1.07617
"exness","EURUSD","2023-06-02 00:12:55.501Z",1.07609,1.07615
"exness","EURUSD","2023-06-02 00:12:55.549Z",1.07608,1.07614
"exness","EURUSD","2023-06-02 00:13:09.789Z",1.07606,1.07613
"exness","EURUSD","2023-06-02 00:13:13.080Z",1.07605,1.07611
"exness","EURUSD","2023-06-02 00:13:13.731Z",1.07603,1.0761
"exness","EURUSD","2023-06-02 00:13:14.810Z",1.0760399999999999,1.07609
"exness","EURUSD","2023-06-02 00:13:24.604Z",1.07601,1.07607
"exness","EURUSD","2023-06-02 00:13:25.503Z",1.076,1.07605
"exness","EURUSD","2023-06-02 00:13:32.529Z",1.07599,1.0760399999999999
"exness","EURUSD","2023-06-02 00:13:36.318Z",1.07597,1.07603
"exness","EURUSD","2023-06-02 00:13:36.359Z",1.07595,1.07601
"exness","EURUSD","2023-06-02 00:13:36.495Z",1.07593,1.076
"exness","EURUSD","2023-06-02 00:13:37.323Z",1.07593,1.07598
"exness","EURUSD","2023-06-02 00:13:37.693Z",1.07591,1.07598
"exness","EURUSD","2023-06-02 00:13:38.505Z",1.0759,1.07596
"exness","EURUSD","2023-06-02 00:13:39.423Z",1.07589,1.07594
"exness","EURUSD","2023-06-02 00:13:41.416Z",1.0759,1.07596
"exness","EURUSD","2023-06-02 00:13:41.582Z",1.07592,1.07597
"exness","EURUSD","2023-06-02 00:13:42.602Z",1.07589,1.07595
"exness","EURUSD","2023-06-02 00:13:43.864Z",1.07588,1.07594
"exness","EURUSD","2023-06-02 00:13:48.573Z",1.0759,1.07595
"exness","EURUSD","2023-06-02 00:13:48.586Z",1.0759,1.07597
"exness","EURUSD","2023-06-02 00:13:48.602Z",1.07592,1.07597
"exness","EURUSD","2023-06-02 00:13:49.593Z",1.07591,1.07597
"exness","EURUSD","2023-06-02 00:13:56.887Z",1.07593,1.07599
"exness","EURUSD","2023-06-02 00:14:00.065Z",1.07595,1.07601
"exness","EURUSD","2023-06-02 00:14:00.412Z",1.07597,1.07602
"exness","EURUSD","2023-06-02 00:14:00.764Z",1.07595,1.07601
"exness","EURUSD","2023-06-02 00:14:03.884Z",1.07597,1.07603
"exness","EURUSD","2023-06-02 00:14:05.170Z",1.07599,1.07606
"exness","EURUSD","2023-06-02 00:14:05.340Z",1.07601,1.07607
"exness","EURUSD","2023-06-02 00:14:11.344Z",1.07599,1.07605
"exness","EURUSD","2023-06-02 00:14:17.442Z",1.07601,1.07608
"exness","EURUSD","2023-06-02 00:14:26.427Z",1.076,1.07606
"exness","EURUSD","2023-06-02 00:14:26.479Z",1.07599,1.07605
"exness","EURUSD","2023-06-02 00:14:30.246Z",1.07601,1.07606
"exness","EURUSD","2023-06-02 00:14:35.524Z",1.07601,1.07607
"exness","EURUSD","2023-06-02 00:14:35.878Z",1.07602,1.07609
"exness","EURUSD","2023-06-02 00:14:45.531Z",1.0760399999999999,1.0761
"exness","EURUSD","2023-06-02 00:14:52.826Z",1.07602,1.07608
"exness","EURUSD","2023-06-02 00:14:52.847Z",1.076,1.07606
"exness","EURUSD","2023-06-02 00:14:52.895Z",1.07599,1.07605
"exness","EURUSD","2023-06-02 00:14:53.221Z",1.07598,1.07603
"exness","EURUSD","2023-06-02 00:15:02.003Z",1.07596,1.07602
"exness","EURUSD","2023-06-02 00:15:12.674Z",1.07594,1.076
"exness","EURUSD","2023-06-02 00:15:13.748Z",1.07593,1.07599
"exness","EURUSD","2023-06-02 00:15:23.247Z",1.07593,1.07598
"exness","EURUSD","2023-06-02 00:15:25.391Z",1.07591,1.07597
"exness","EURUSD","2023-06-02 00:15:25.434Z",1.0759,1.07596
"exness","EURUSD","2023-06-02 00:15:31.726Z",1.0759,1.07595
"exness","EURUSD","2023-06-02 00:15:31.746Z",1.0759,1.07596
"exness","EURUSD","2023-06-02 00:15:32.005Z",1.07592,1.07598
"exness","EURUSD","2023-06-02 00:15:34.808Z",1.07593,1.076
"exness","EURUSD","2023-06-02 00:15:34.901Z",1.07595,1.07601
"exness","EURUSD","2023-06-02 00:15:35.937Z",1.07596,1.07602
"exness","EURUSD","2023-06-02 00:15:42.063Z",1.07597,1.0760399999999999
"exness","EURUSD","2023-06-02 00:15:48.559Z",1.07599,1.0760399999999999
"exness","EURUSD","2023-06-02 00:15:51.452Z",1.07597,1.07603
"exness","EURUSD","2023-06-02 00:15:55.175Z",1.07599,1.0760399999999999
"exness","EURUSD","2023-06-02 00:15:59.002Z",1.07598,1.0760399999999999
"exness","EURUSD","2023-06-02 00:16:00.206Z",1.07596,1.07602
"exness","EURUSD","2023-06-02 00:16:00.338Z",1.07594,1.07601
"exness","EURUSD","2023-06-02 00:16:05.071Z",1.07593,1.07599
"exness","EURUSD","2023-06-02 00:16:05.083Z",1.07592,1.07598
"exness","EURUSD","2023-06-02 00:16:05.107Z",1.0759,1.07596
"exness","EURUSD","2023-06-02 00:16:05.946Z",1.0759,1.07595
"exness","EURUSD","2023-06-02 00:16:05.965Z",1.0759,1.07596
"exness","EURUSD","2023-06-02 00:16:06.736Z",1.07592,1.07598
"exness","EURUSD","2023-06-02 00:16:11.287Z",1.07593,1.07598
"exness","EURUSD","2023-06-02 00:16:23.552Z",1.07593,1.07599
"exness","EURUSD","2023-06-02 00:16:24.556Z",1.07595,1.07601
"exness","EURUSD","2023-06-02 00:16:25.548Z",1.07596,1.07601
"exness","EURUSD","2023-06-02 00:16:29.384Z",1.07594,1.07601
"exness","EURUSD","2023-06-02 00:16:29.528Z",1.07596,1.07601
"exness","EURUSD","2023-06-02 00:16:32.259Z",1.07596,1.07603
"exness","EURUSD","2023-06-02 00:16:37.406Z",1.07595,1.076
"exness","EURUSD","2023-06-02 00:16:50.255Z",1.07595,1.07602
"exness","EURUSD","2023-06-02 00:16:52.807Z",1.07593,1.07599
"exness","EURUSD","2023-06-02 00:16:52.822Z",1.07591,1.07598
"exness","EURUSD","2023-06-02 00:16:52.925Z",1.0759,1.07596
"exness","EURUSD","2023-06-02 00:16:53.547Z",1.07589,1.07594
"exness","EURUSD","2023-06-02 00:16:57.545Z",1.0759,1.07596
"exness","EURUSD","2023-06-02 00:17:03.277Z",1.07589,1.07594
"exness","EURUSD","2023-06-02 00:17:14.483Z",1.07589,1.07595
"exness","EURUSD","2023-06-02 00:17:19.751Z",1.07589,1.07594
"exness","EURUSD","2023-06-02 00:18:03.671Z",1.07589,1.07595
"exness","EURUSD","2023-06-02 00:18:13.324Z",1.0759,1.07597
"exness","EURUSD","2023-06-02 00:18:15.356Z",1.07589,1.07594
"exness","EURUSD","2023-06-02 00:18:19.902Z",1.0759,1.07596
"exness","EURUSD","2023-06-02 00:18:24.336Z",1.07589,1.07595
"exness","EURUSD","2023-06-02 00:18:32.754Z",1.07588,1.07594
"exness","EURUSD","2023-06-02 00:18:33.271Z",1.07586,1.07592
"exness","EURUSD","2023-06-02 00:18:33.288Z",1.07585,1.07591
"exness","EURUSD","2023-06-02 00:18:33.430Z",1.07584,1.07589
"exness","EURUSD","2023-06-02 00:18:36.456Z",1.07584,1.0759
"exness","EURUSD","2023-06-02 00:18:41.801Z",1.07586,1.07591
"exness","EURUSD","2023-06-02 00:18:52.609Z",1.07584,1.0759
"exness","EURUSD","2023-06-02 00:19:16.528Z",1.07582,1.07588
"exness","EURUSD","2023-06-02 00:19:16.566Z",1.0758,1.07586
"exness","EURUSD","2023-06-02 00:19:19.069Z",1.07582,1.07588
"exness","EURUSD","2023-06-02 00:19:21.556Z",1.07581,1.07586
"exness","EURUSD","2023-06-02 00:19:22.813Z",1.07582,1.07588
"exness","EURUSD","2023-06-02 00:19:28.990Z",1.07583,1.07589
"exness","EURUSD","2023-06-02 00:19:52.119Z",1.07585,1.07591
"exness","EURUSD","2023-06-02 00:19:52.162Z",1.07586,1.07593
"exness","EURUSD","2023-06-02 00:19:52.995Z",1.07588,1.07594
"exness","EURUSD","2023-06-02 00:20:15.702Z",1.07586,1.07593
"exness","EURUSD","2023-06-02 00:20:15.767Z",1.07585,1.07591
"exness","EURUSD","2023-06-02 00:20:18.514Z",1.07584,1.0759
"exness","EURUSD","2023-06-02 00:20:21.185Z",1.07584,1.07589
"exness","EURUSD","2023-06-02 00:20:32.752Z",1.07583,1.07589
"exness","EURUSD","2023-06-02 00:21:02.404Z",1.07584,1.0759
"exness","EURUSD","2023-06-02 00:21:02.638Z",1.07585,1.07592
"exness","EURUSD","2023-06-02 00:21:03.601Z",1.07587,1.07592
"exness","EURUSD","2023-06-02 00:21:19.125Z",1.07587,1.07593
"exness","EURUSD","2023-06-02 00:21:21.215Z",1.07589,1.07595
"exness","EURUSD","2023-06-02 00:21:21.389Z",1.07591,1.07597
"exness","EURUSD","2023-06-02 00:21:22.357Z",1.07592,1.07597
"exness","EURUSD","2023-06-02 00:21:27.857Z",1.07593,1.07599
"exness","EURUSD","2023-06-02 00:21:33.165Z",1.07591,1.07597
"exness","EURUSD","2023-06-02 00:21:33.858Z",1.07591,1.07596
"exness","EURUSD","2023-06-02 00:21:39.656Z",1.07588,1.07594
"exness","EURUSD","2023-06-02 00:21:39.843Z",1.0759,1.07596
"exness","EURUSD","2023-06-02 00:21:47.717Z",1.07589,1.07595
"exness","EURUSD","2023-06-02 00:22:17.269Z",1.0759,1.07597
"exness","EURUSD","2023-06-02 00:22:18.335Z",1.07591,1.07598
"exness","EURUSD","2023-06-02 00:22:22.954Z",1.07594,1.076
"exness","EURUSD","2023-06-02 00:22:27.234Z",1.07595,1.07601
"exness","EURUSD","2023-06-02 00:22:36.104Z",1.07596,1.07602
"exness","EURUSD","2023-06-02 00:22:36.128Z",1.07598,1.07603
"exness","EURUSD","2023-06-02 00:22:43.757Z",1.07599,1.07605
"exness","EURUSD","2023-06-02 00:22:43.768Z",1.07601,1.07606
"exness","EURUSD","2023-06-02 00:22:43.808Z",1.07601,1.07607
"exness","EURUSD","2023-06-02 00:22:44.354Z",1.07602,1.07607
"exness","EURUSD","2023-06-02 00:22:44.511Z",1.07603,1.07609
"exness","EURUSD","2023-06-02 00:22:55.071Z",1.07605,1.0761
"exness","EURUSD","2023-06-02 00:22:55.800Z",1.07603,1.0761
"exness","EURUSD","2023-06-02 00:22:59.346Z",1.07601,1.07608
"exness","EURUSD","2023-06-02 00:23:09.455Z",1.07601,1.07606
"exness","EURUSD","2023-06-02 00:23:10.509Z",1.07601,1.07608
"exness","EURUSD","2023-06-02 00:23:21.558Z",1.076,1.07605
"exness","EURUSD","2023-06-02 00:23:21.665Z",1.07598,1.07605
"exness","EURUSD","2023-06-02 00:24:02.117Z",1.07599,1.07606
"exness","EURUSD","2023-06-02 00:24:02.135Z",1.07601,1.07607
"exness","EURUSD","2023-06-02 00:24:05.209Z",1.07602,1.07608
"exness","EURUSD","2023-06-02 00:24:06.922Z",1.07603,1.0761
"exness","EURUSD","2023-06-02 00:24:09.678Z",1.07605,1.07611
"exness","EURUSD","2023-06-02 00:24:09.695Z",1.07606,1.07612
"exness","EURUSD","2023-06-02 00:24:10.169Z",1.07608,1.07613
"exness","EURUSD","2023-06-02 00:24:21.336Z",1.07608,1.07614
"exness","EURUSD","2023-06-02 00:24:38.961Z",1.0761,1.07616
"exness","EURUSD","2023-06-02 00:24:39.368Z",1.07611,1.07617
"exness","EURUSD","2023-06-02 00:24:44.030Z",1.07613,1.07618
"exness","EURUSD","2023-06-02 00:24:49.251Z",1.07614,1.0762
"exness","EURUSD","2023-06-02 00:24:49.271Z",1.07616,1.07622
"exness","EURUSD","2023-06-02 00:24:51.067Z",1.07613,1.0762
"exness","EURUSD","2023-06-02 00:24:57.094Z",1.07612,1.07618
"exness","EURUSD","2023-06-02 00:24:57.164Z",1.0761,1.07617
"exness","EURUSD","2023-06-02 00:24:58.280Z",1.07609,1.07616
"exness","EURUSD","2023-06-02 00:25:01.549Z",1.07608,1.07614
"exness","EURUSD","2023-06-02 00:25:42.324Z",1.07606,1.07612
"exness","EURUSD","2023-06-02 00:25:42.410Z",1.07605,1.07611
"exness","EURUSD","2023-06-02 00:25:55.376Z",1.0760399999999999,1.0761
"exness","EURUSD","2023-06-02 00:26:17.157Z",1.07605,1.07611
"exness","EURUSD","2023-06-02 00:26:23.245Z",1.07605,1.0761
"exness","EURUSD","2023-06-02 00:26:30.585Z",1.07603,1.0761
"exness","EURUSD","2023-06-02 00:27:10.089Z",1.07602,1.07608
"exness","EURUSD","2023-06-02 00:27:10.130Z",1.07601,1.07607
"exness","EURUSD","2023-06-02 00:27:11.375Z",1.076,1.07606
"exness","EURUSD","2023-06-02 00:27:55.060Z",1.07597,1.07603
"exness","EURUSD","2023-06-02 00:27:55.219Z",1.07596,1.07602
"exness","EURUSD","2023-06-02 00:27:55.246Z",1.07594,1.076
"exness","EURUSD","2023-06-02 00:27:55.275Z",1.07593,1.07598
"exness","EURUSD","2023-06-02 00:28:01.301Z",1.07593,1.076
"exness","EURUSD","2023-06-02 00:28:23.197Z",1.07594,1.07601
"exness","EURUSD","2023-06-02 00:28:24.053Z",1.07596,1.07602
"exness","EURUSD","2023-06-02 00:28:25.789Z",1.07597,1.07603
"exness","EURUSD","2023-06-02 00:28:30.790Z",1.07596,1.07602
"exness","EURUSD","2023-06-02 00:28:30.827Z",1.07594,1.07601
"exness","EURUSD","2023-06-02 00:28:33.465Z",1.07592,1.07598
"exness","EURUSD","2023-06-02 00:28:44.227Z",1.07593,1.076
"exness","EURUSD","2023-06-02 00:28:50.498Z",1.07595,1.07602
"exness","EURUSD","2023-06-02 00:29:10.870Z",1.07598,1.0760399999999999
"exness","EURUSD","2023-06-02 00:29:13.138Z",1.07599,1.0760399999999999
"exness","EURUSD","2023-06-02 00:29:15.384Z",1.07599,1.07605
"exness","EURUSD","2023-06-02 00:30:12.472Z",1.07601,1.07607
"exness","EURUSD","2023-06-02 00:30:13.789Z",1.07602,1.07608
"exness","EURUSD","2023-06-02 00:30:13.872Z",1.0760399999999999,1.0761
"exness","EURUSD","2023-06-02 00:30:34.549Z",1.07603,1.07609
"exness","EURUSD","2023-06-02 00:30:34.569Z",1.07601,1.07607
"exness","EURUSD","2023-06-02 00:30:34.658Z",1.07599,1.07606
"exness","EURUSD","2023-06-02 00:30:35.781Z",1.076,1.07605
"exness","EURUSD","2023-06-02 00:30:49.186Z",1.07598,1.0760399999999999
"exness","EURUSD","2023-06-02 00:31:01.093Z",1.07599,1.07605
"exness","EURUSD","2023-06-02 00:31:01.978Z",1.07599,1.0760399999999999
"exness","EURUSD","2023-06-02 00:31:07.845Z",1.07597,1.0760399999999999
"exness","EURUSD","2023-06-02 00:31:11.540Z",1.07596,1.07602
"exness","EURUSD","2023-06-02 00:31:12.620Z",1.07595,1.07601
"exness","EURUSD","2023-06-02 00:31:30.224Z",1.07594,1.076
"exness","EURUSD","2023-06-02 00:31:30.840Z",1.07592,1.07598
"exness","EURUSD","2023-06-02 00:31:38.372Z",1.07591,1.07597
"exness","EURUSD","2023-06-02 00:31:38.393Z",1.07589,1.07596
"exness","EURUSD","2023-06-02 00:31:39.231Z",1.07588,1.07594
"exness","EURUSD","2023-06-02 00:32:04.506Z",1.07589,1.07596
"exness","EURUSD","2023-06-02 00:32:05.253Z",1.07591,1.07597
"exness","EURUSD","2023-06-02 00:32:05.271Z",1.07592,1.07599
"exness","EURUSD","2023-06-02 00:32:06.904Z",1.07594,1.07599
"exness","EURUSD","2023-06-02 00:32:17.231Z",1.07593,1.07599
"exness","EURUSD","2023-06-02 00:32:32.619Z",1.0759,1.07597
"exness","EURUSD","2023-06-02 00:32:38.091Z",1.0759,1.07595
"exness","EURUSD","2023-06-02 00:32:38.931Z",1.07589,1.07595
"exness","EURUSD","2023-06-02 00:32:39.022Z",1.07587,1.07594
"exness","EURUSD","2023-06-02 00:32:57.807Z",1.07589,1.07595
"exness","EURUSD","2023-06-02 00:33:02.254Z",1.0759,1.07596
"exness","EURUSD","2023-06-02 00:33:02.839Z",1.07592,1.07598
"exness","EURUSD","2023-06-02 00:33:02.853Z",1.07593,1.076
"exness","EURUSD","2023-06-02 00:33:02.888Z",1.07595,1.07601
"exness","EURUSD","2023-06-02 00:33:02.951Z",1.07596,1.07603
"exness","EURUSD","2023-06-02 00:33:06.830Z",1.07598,1.07603
"exness","EURUSD","2023-06-02 00:33:08.456Z",1.07598,1.07605
"exness","EURUSD","2023-06-02 00:33:40.989Z",1.076,1.07607
"exness","EURUSD","2023-06-02 00:33:43.895Z",1.07599,1.07605
"exness","EURUSD","2023-06-02 00:33:47.728Z",1.07599,1.0760399999999999
"exness","EURUSD","2023-06-02 00:34:09.997Z",1.076,1.07606
"exness","EURUSD","2023-06-02 00:34:10.005Z",1.07602,1.07608
"exness","EURUSD","2023-06-02 00:34:10.158Z",1.07603,1.0761
"exness","EURUSD","2023-06-02 00:34:11.428Z",1.07605,1.0761
"exness","EURUSD","2023-06-02 00:34:14.717Z",1.07605,1.07611
"exness","EURUSD","2023-06-02 00:34:34.126Z",1.07607,1.07613
"exness","EURUSD","2023-06-02 00:34:34.133Z",1.07608,1.07615
"exness","EURUSD","2023-06-02 00:34:34.179Z",1.0761,1.07616
"exness","EURUSD","2023-06-02 00:34:34.200Z",1.07612,1.07618
"exness","EURUSD","2023-06-02 00:34:34.249Z",1.07613,1.07619
"exness","EURUSD","2023-06-02 00:34:34.279Z",1.07615,1.07621
"exness","EURUSD","2023-06-02 00:34:35.439Z",1.07613,1.07619
"exness","EURUSD","2023-06-02 00:34:41.956Z",1.07612,1.07618
"exness","EURUSD","2023-06-02 00:35:02.805Z",1.07614,1.07619
"exness","EURUSD","2023-06-02 00:35:25.036Z",1.07612,1.07618
"exness","EURUSD","2023-06-02 00:35:27.740Z",1.0761,1.07617
"exness","EURUSD","2023-06-02 00:35:30.147Z",1.0761,1.07615
"exness","EURUSD","2023-06-02 00:35:38.657Z",1.07609,1.07615
"exness","EURUSD","2023-06-02 00:35:39.790Z",1.07607,1.07614
"exness","EURUSD","2023-06-02 00:36:11.396Z",1.07605,1.07611
"exness","EURUSD","2023-06-02 00:36:11.447Z",1.0760399999999999,1.0761
"exness","EURUSD","2023-06-02 00:36:12.025Z",1.07603,1.07608
"exness","EURUSD","2023-06-02 00:36:12.065Z",1.07601,1.07608
"exness","EURUSD","2023-06-02 00:36:16.797Z",1.07601,1.07606
"exness","EURUSD","2023-06-02 00:36:18.325Z",1.07602,1.07608
"exness","EURUSD","2023-06-02 00:36:44.599Z",1.076,1.07607
"exness","EURUSD","2023-06-02 00:36:49.074Z",1.07599,1.07605
"exness","EURUSD","2023-06-02 00:37:00.087Z",1.07601,1.07606
"exness","EURUSD","2023-06-02 00:37:01.944Z",1.07602,1.07608
"exness","EURUSD","2023-06-02 00:37:03.127Z",1.07601,1.07606
"exness","EURUSD","2023-06-02 00:37:08.189Z",1.07602,1.07608
"exness","EURUSD","2023-06-02 00:37:15.209Z",1.0760399999999999,1.0761
"exness","EURUSD","2023-06-02 00:37:16.340Z",1.07605,1.07611
"exness","EURUSD","2023-06-02 00:37:18.348Z",1.07607,1.07613
"exness","EURUSD","2023-06-02 00:37:36.979Z",1.0760399999999999,1.07611
"exness","EURUSD","2023-06-02 00:37:39.493Z",1.07603,1.07609
"exness","EURUSD","2023-06-02 00:38:02.652Z",1.07602,1.07608
"exness","EURUSD","2023-06-02 00:38:02.670Z",1.07601,1.07607
"exness","EURUSD","2023-06-02 00:38:02.793Z",1.07599,1.07605
"exness","EURUSD","2023-06-02 00:38:02.818Z",1.07597,1.0760399999999999
"exness","EURUSD","2023-06-02 00:38:02.838Z",1.07596,1.07602
"exness","EURUSD","2023-06-02 00:38:03.906Z",1.07596,1.07601
"exness","EURUSD","2023-06-02 00:38:12.583Z",1.07597,1.07603
"exness","EURUSD","2023-06-02 00:38:22.376Z",1.07595,1.07602
"exness","EURUSD","2023-06-02 00:38:22.381Z",1.07594,1.076
"exness","EURUSD","2023-06-02 00:38:22.423Z",1.07592,1.07598
"exness","EURUSD","2023-06-02 00:38:22.428Z",1.0759,1.07597
"exness","EURUSD","2023-06-02 00:38:22.449Z",1.07589,1.07595
"exness","EURUSD","2023-06-02 00:38:22.725Z",1.0759,1.07597
"exness","EURUSD","2023-06-02 00:38:24.692Z",1.07592,1.07598
"exness","EURUSD","2023-06-02 00:38:24.736Z",1.07593,1.076
"exness","EURUSD","2023-06-02 00:38:46.866Z",1.07595,1.076
"exness","EURUSD","2023-06-02 00:38:53.472Z",1.07594,1.076
"exness","EURUSD","2023-06-02 00:38:54.579Z",1.07592,1.07598
"exness","EURUSD","2023-06-02 00:39:03.311Z",1.07593,1.076
"exness","EURUSD","2023-06-02 00:39:28.136Z",1.07595,1.07602
"exness","EURUSD","2023-06-02 00:39:37.712Z",1.07595,1.076
"exness","EURUSD","2023-06-02 00:39:38.175Z",1.07594,1.076
"exness","EURUSD","2023-06-02 00:39:43.020Z",1.07594,1.07599
"exness","EURUSD","2023-06-02 00:39:43.655Z",1.07594,1.076
"exness","EURUSD","2023-06-02 00:39:44.656Z",1.07595,1.07602
"exness","EURUSD","2023-06-02 00:40:00.148Z",1.07597,1.07603
"exness","EURUSD","2023-06-02 00:40:00.290Z",1.07599,1.0760399999999999
"exness","EURUSD","2023-06-02 00:40:00.299Z",1.07599,1.07606
"exness","EURUSD","2023-06-02 00:40:00.532Z",1.07601,1.07607
"exness","EURUSD","2023-06-02 00:40:00.651Z",1.07602,1.07607
"exness","EURUSD","2023-06-02 00:40:02.870Z",1.07603,1.07609
"exness","EURUSD","2023-06-02 00:41:37.658Z",1.07605,1.07611
"exness","EURUSD","2023-06-02 00:41:37.721Z",1.07607,1.07613
"exness","EURUSD","2023-06-02 00:41:51.114Z",1.07608,1.07613
"exness","EURUSD","2023-06-02 00:41:51.155Z",1.07608,1.07614
"exness","EURUSD","2023-06-02 00:41:59.603Z",1.0761,1.07616
"exness","EURUSD","2023-06-02 00:42:00.627Z",1.07609,1.07615
"exness","EURUSD","2023-06-02 00:42:39.769Z",1.0761,1.07616
"exness","EURUSD","2023-06-02 00:42:39.947Z",1.07612,1.07618
"exness","EURUSD","2023-06-02 00:42:45.432Z",1.07614,1.07619
"exness","EURUSD","2023-06-02 00:42:45.445Z",1.07614,1.07621
"exness","EURUSD","2023-06-02 00:42:45.471Z",1.07616,1.07622
"exness","EURUSD","2023-06-02 00:42:46.552Z",1.07617,1.07623
"exness","EURUSD","2023-06-02 00:42:46.668Z",1.07619,1.07625
"exness","EURUSD","2023-06-02 00:42:46.695Z",1.0762,1.07627
"exness","EURUSD","2023-06-02 00:42:46.794Z",1.07622,1.07628
"exness","EURUSD","2023-06-02 00:42:50.468Z",1.07621,1.07627
"exness","EURUSD","2023-06-02 00:43:03.630Z",1.07619,1.07625
"exness","EURUSD","2023-06-02 00:43:04.725Z",1.07618,1.07624
"exness","EURUSD","2023-06-02 00:43:06.553Z",1.07616,1.07623
"exness","EURUSD","2023-06-02 00:43:06.698Z",1.07615,1.07621
"exness","EURUSD","2023-06-02 00:43:14.705Z",1.07617,1.07624
"exness","EURUSD","2023-06-02 00:43:14.785Z",1.07619,1.07624
"exness","EURUSD","2023-06-02 00:43:15.943Z",1.0762,1.07626
"exness","EURUSD","2023-06-02 00:43:15.958Z",1.07621,1.07627
"exness","EURUSD","2023-06-02 00:43:15.978Z",1.07623,1.07629
"exness","EURUSD","2023-06-02 00:43:16.669Z",1.07624,1.07629
"exness","EURUSD","2023-06-02 00:43:26.081Z",1.07622,1.07628
"exness","EURUSD","2023-06-02 00:43:26.100Z",1.0762,1.07627
"exness","EURUSD","2023-06-02 00:43:26.152Z",1.07619,1.07625
"exness","EURUSD","2023-06-02 00:43:26.188Z",1.0762,1.07625
"exness","EURUSD","2023-06-02 00:43:27.020Z",1.07621,1.07627
"exness","EURUSD","2023-06-02 00:43:32.475Z",1.07623,1.07629
"exness","EURUSD","2023-06-02 00:43:32.492Z",1.07624,1.0763
"exness","EURUSD","2023-06-02 00:43:43.213Z",1.07622,1.07629
"exness","EURUSD","2023-06-02 00:43:43.274Z",1.07621,1.07627
"exness","EURUSD","2023-06-02 00:43:43.298Z",1.07621,1.07626
"exness","EURUSD","2023-06-02 00:43:43.327Z",1.07619,1.07625
"exness","EURUSD","2023-06-02 00:43:46.494Z",1.07619,1.07624
"exness","EURUSD","2023-06-02 00:43:54.782Z",1.0762,1.07626
"exness","EURUSD","2023-06-02 00:44:01.376Z",1.07621,1.07627
"exness","EURUSD","2023-06-02 00:44:01.611Z",1.07623,1.07629
"exness","EURUSD","2023-06-02 00:44:03.473Z",1.07624,1.0763
"exness","EURUSD","2023-06-02 00:44:04.577Z",1.07623,1.07629
"exness","EURUSD","2023-06-02 00:44:32.300Z",1.07624,1.0763
"exness","EURUSD","2023-06-02 00:44:33.263Z",1.07626,1.07632
"exness","EURUSD","2023-06-02 00:44:34.447Z",1.07627,1.07632
"exness","EURUSD","2023-06-02 00:44:38.786Z",1.07629,1.07635
"exness","EURUSD","2023-06-02 00:44:38.797Z",1.0763,1.07636
"exness","EURUSD","2023-06-02 00:44:39.651Z",1.07632,1.07638
"exness","EURUSD","2023-06-02 00:44:46.534Z",1.07629,1.07636
"exness","EURUSD","2023-06-02 00:44:58.970Z",1.07627,1.07633
"exness","EURUSD","2023-06-02 00:44:59.112Z",1.07625,1.07632
"exness","EURUSD","2023-06-02 00:45:01.833Z",1.07628,1.07633
"exness","EURUSD","2023-06-02 00:45:01.850Z",1.07626,1.07632
"exness","EURUSD","2023-06-02 00:45:01.890Z",1.07624,1.07631
"exness","EURUSD","2023-06-02 00:45:02.032Z",1.07624,1.07629
"exness","EURUSD","2023-06-02 00:45:02.123Z",1.07623,1.07629
"exness","EURUSD","2023-06-02 00:45:23.036Z",1.07621,1.07627
"exness","EURUSD","2023-06-02 00:45:23.197Z",1.0762,1.07626
"exness","EURUSD","2023-06-02 00:45:23.804Z",1.07619,1.07624
"exness","EURUSD","2023-06-02 00:45:43.150Z",1.0762,1.07627
"exness","EURUSD","2023-06-02 00:45:43.174Z",1.07622,1.07628
"exness","EURUSD","2023-06-02 00:45:44.797Z",1.07622,1.07627
"exness","EURUSD","2023-06-02 00:45:47.679Z",1.0762,1.07627
"exness","EURUSD","2023-06-02 00:45:53.385Z",1.07619,1.07625
"exness","EURUSD","2023-06-02 00:46:13.110Z",1.07618,1.07624
"exness","EURUSD","2023-06-02 00:46:14.170Z",1.07617,1.07623
"exness","EURUSD","2023-06-02 00:46:15.349Z",1.07618,1.07623
"exness","EURUSD","2023-06-02 00:46:21.602Z",1.07617,1.07623
"exness","EURUSD","2023-06-02 00:46:32.312Z",1.07616,1.07622
"exness","EURUSD","2023-06-02 00:46:32.407Z",1.07614,1.07621
"exness","EURUSD","2023-06-02 00:46:55.682Z",1.07613,1.0762
"exness","EURUSD","2023-06-02 00:47:00.187Z",1.07613,1.07618
"exness","EURUSD","2023-06-02 00:47:12.189Z",1.07613,1.07619
"exness","EURUSD","2023-06-02 00:47:33.426Z",1.07611,1.07617
"exness","EURUSD","2023-06-02 00:47:33.498Z",1.07609,1.07615
"exness","EURUSD","2023-06-02 00:47:33.609Z",1.07608,1.07614
"exness","EURUSD","2023-06-02 00:47:35.992Z",1.07609,1.07615
"exness","EURUSD","2023-06-02 00:48:02.049Z",1.07608,1.07614
"exness","EURUSD","2023-06-02 00:48:07.830Z",1.07606,1.07612
"exness","EURUSD","2023-06-02 00:48:07.856Z",1.0760399999999999,1.07611
"exness","EURUSD","2023-06-02 00:48:08.601Z",1.07603,1.07609
"exness","EURUSD","2023-06-02 00:48:10.482Z",1.07603,1.07608
"exness","EURUSD","2023-06-02 00:48:15.369Z",1.07603,1.07609
"exness","EURUSD","2023-06-02 00:48:18.194Z",1.076,1.07607
"exness","EURUSD","2023-06-02 00:48:30.195Z",1.07598,1.0760399999999999
"exness","EURUSD","2023-06-02 00:48:32.178Z",1.07597,1.07603
"exness","EURUSD","2023-06-02 00:48:33.215Z",1.07596,1.07602
"exness","EURUSD","2023-06-02 00:48:33.425Z",1.07597,1.0760399999999999
"exness","EURUSD","2023-06-02 00:48:34.491Z",1.07599,1.0760399999999999
"exness","EURUSD","2023-06-02 00:48:35.556Z",1.07597,1.07603
"exness","EURUSD","2023-06-02 00:48:36.125Z",1.07596,1.07601
"exness","EURUSD","2023-06-02 00:48:37.408Z",1.07594,1.07601
"exness","EURUSD","2023-06-02 00:48:37.424Z",1.07593,1.07599
"exness","EURUSD","2023-06-02 00:48:38.688Z",1.07593,1.07598
"exness","EURUSD","2023-06-02 00:48:44.917Z",1.07594,1.076
"exness","EURUSD","2023-06-02 00:48:46.128Z",1.07595,1.07602
"exness","EURUSD","2023-06-02 00:48:46.161Z",1.07597,1.07603
"exness","EURUSD","2023-06-02 00:48:47.337Z",1.07598,1.07603
"exness","EURUSD","2023-06-02 00:48:57.738Z",1.07598,1.0760399999999999
"exness","EURUSD","2023-06-02 00:49:12.669Z",1.076,1.07606
"exness","EURUSD","2023-06-02 00:49:14.007Z",1.07601,1.07607
"exness","EURUSD","2023-06-02 00:49:22.011Z",1.076,1.07606
"exness","EURUSD","2023-06-02 00:49:25.056Z",1.07599,1.07605
"exness","EURUSD","2023-06-02 00:49:28.970Z",1.07599,1.0760399999999999
"exness","EURUSD","2023-06-02 00:49:37.105Z",1.07599,1.07605
"exness","EURUSD","2023-06-02 00:49:56.171Z",1.07596,1.07603
"exness","EURUSD","2023-06-02 00:49:56.199Z",1.07595,1.07601
"exness","EURUSD","2023-06-02 00:49:59.631Z",1.07595,1.076
"exness","EURUSD","2023-06-02 00:50:07.723Z",1.07596,1.07602
"exness","EURUSD","2023-06-02 00:50:07.775Z",1.07597,1.07603
"exness","EURUSD","2023-06-02 00:50:13.356Z",1.076,1.07605
"exness","EURUSD","2023-06-02 00:50:18.286Z",1.07601,1.07607
"exness","EURUSD","2023-06-02 00:50:18.358Z",1.07602,1.07607
"exness","EURUSD","2023-06-02 00:50:18.440Z",1.07603,1.07609
"exness","EURUSD","2023-06-02 00:50:18.462Z",1.07605,1.07611
"exness","EURUSD","2023-06-02 00:50:20.284Z",1.07606,1.07612
"exness","EURUSD","2023-06-02 00:50:23.844Z",1.07607,1.07613
"exness","EURUSD","2023-06-02 00:50:28.892Z",1.07605,1.07611
"exness","EURUSD","2023-06-02 00:50:29.567Z",1.0760399999999999,1.0761
"exness","EURUSD","2023-06-02 00:50:30.539Z",1.07602,1.07608
"exness","EURUSD","2023-06-02 00:50:32.135Z",1.07602,1.07607
"exness","EURUSD","2023-06-02 00:50:34.302Z",1.076,1.07606
"exness","EURUSD","2023-06-02 00:50:40.573Z",1.076,1.07605
"exness","EURUSD","2023-06-02 00:50:47.252Z",1.07598,1.0760399999999999
"exness","EURUSD","2023-06-02 00:51:01.078Z",1.076,1.07606
"exness","EURUSD","2023-06-02 00:51:06.196Z",1.07599,1.07605
"exness","EURUSD","2023-06-02 00:51:08.937Z",1.07597,1.07603
"exness","EURUSD","2023-06-02 00:51:15.906Z",1.076,1.07606
"exness","EURUSD","2023-06-02 00:51:15.940Z",1.07601,1.07607
"exness","EURUSD","2023-06-02 00:51:16.619Z",1.07603,1.07608
"exness","EURUSD","2023-06-02 00:51:44.782Z",1.07603,1.07609
"exness","EURUSD","2023-06-02 00:51:44.796Z",1.07605,1.07611
"exness","EURUSD","2023-06-02 00:51:44.824Z",1.07606,1.07612
"exness","EURUSD","2023-06-02 00:51:44.838Z",1.07608,1.07614
"exness","EURUSD","2023-06-02 00:51:44.843Z",1.07609,1.07616
"exness","EURUSD","2023-06-02 00:51:44.901Z",1.07611,1.07617
"exness","EURUSD","2023-06-02 00:51:45.736Z",1.07612,1.07617
"exness","EURUSD","2023-06-02 00:51:46.739Z",1.07611,1.07617
"exness","EURUSD","2023-06-02 00:51:53.628Z",1.07613,1.07619
"exness","EURUSD","2023-06-02 00:51:54.030Z",1.07614,1.0762
"exness","EURUSD","2023-06-02 00:51:54.040Z",1.07616,1.07622
"exness","EURUSD","2023-06-02 00:51:56.920Z",1.07618,1.07624
"exness","EURUSD","2023-06-02 00:51:57.145Z",1.0762,1.07626
"exness","EURUSD","2023-06-02 00:51:58.074Z",1.07621,1.07626
"exness","EURUSD","2023-06-02 00:52:00.379Z",1.07619,1.07625
"exness","EURUSD","2023-06-02 00:52:06.224Z",1.0762,1.07626
"exness","EURUSD","2023-06-02 00:52:27.315Z",1.07618,1.07624
"exness","EURUSD","2023-06-02 00:52:47.994Z",1.0762,1.07626
"exness","EURUSD","2023-06-02 00:52:53.179Z",1.07621,1.07627
"exness","EURUSD","2023-06-02 00:52:54.913Z",1.07622,1.07628
"exness","EURUSD","2023-06-02 00:53:00.995Z",1.07624,1.07629
"exness","EURUSD","2023-06-02 00:53:01.521Z",1.07624,1.0763
"exness","EURUSD","2023-06-02 00:53:01.736Z",1.07626,1.07632
"exness","EURUSD","2023-06-02 00:53:04.950Z",1.07627,1.07634
"exness","EURUSD","2023-06-02 00:53:06.228Z",1.07629,1.07635
"exness","EURUSD","2023-06-02 00:53:06.265Z",1.0763,1.07637
"exness","EURUSD","2023-06-02 00:53:07.064Z",1.07632,1.07638
"exness","EURUSD","2023-06-02 00:53:16.334Z",1.0763,1.07637
"exness","EURUSD","2023-06-02 00:53:16.518Z",1.07629,1.07635
"exness","EURUSD","2023-06-02 00:53:16.937Z",1.07629,1.07634
"exness","EURUSD","2023-06-02 00:53:25.349Z",1.07626,1.07633
"exness","EURUSD","2023-06-02 00:53:26.408Z",1.07625,1.07631
"exness","EURUSD","2023-06-02 00:53:37.920Z",1.07625,1.0763
"exness","EURUSD","2023-06-02 00:53:44.917Z",1.07624,1.0763
"exness","EURUSD","2023-06-02 00:53:46.064Z",1.07625,1.07631
"exness","EURUSD","2023-06-02 00:53:48.275Z",1.07625,1.0763
"exness","EURUSD","2023-06-02 00:53:52.452Z",1.07623,1.0763
"exness","EURUSD","2023-06-02 00:54:02.428Z",1.07625,1.0763
"exness","EURUSD","2023-06-02 00:54:14.636Z",1.07626,1.07632
"exness","EURUSD","2023-06-02 00:54:16.679Z",1.07625,1.0763
"exness","EURUSD","2023-06-02 00:54:17.958Z",1.07624,1.0763
"exness","EURUSD","2023-06-02 00:54:23.654Z",1.07622,1.07628
"exness","EURUSD","2023-06-02 00:54:24.216Z",1.07621,1.07627
"exness","EURUSD","2023-06-02 00:54:26.247Z",1.0762,1.07625
"exness","EURUSD","2023-06-02 00:54:26.965Z",1.07621,1.07627
"exness","EURUSD","2023-06-02 00:54:27.285Z",1.07619,1.07625
"exness","EURUSD","2023-06-02 00:54:33.321Z",1.0762,1.07627
"exness","EURUSD","2023-06-02 00:54:33.430Z",1.07622,1.07627
"exness","EURUSD","2023-06-02 00:54:35.604Z",1.07623,1.07629
"exness","EURUSD","2023-06-02 00:54:37.118Z",1.07622,1.07628
"exness","EURUSD","2023-06-02 00:54:37.132Z",1.0762,1.07627
"exness","EURUSD","2023-06-02 00:54:37.165Z",1.07619,1.07625
"exness","EURUSD","2023-06-02 00:54:40.172Z",1.0762,1.07626
"exness","EURUSD","2023-06-02 00:54:41.173Z",1.07621,1.07628
"exness","EURUSD","2023-06-02 00:54:41.610Z",1.07621,1.07626
"exness","EURUSD","2023-06-02 00:54:45.158Z",1.07622,1.07628
"exness","EURUSD","2023-06-02 00:54:45.175Z",1.07624,1.07629
"exness","EURUSD","2023-06-02 00:54:45.197Z",1.07625,1.07631
"exness","EURUSD","2023-06-02 00:54:47.154Z",1.07627,1.07632
"exness","EURUSD","2023-06-02 00:54:48.466Z",1.07627,1.07633
"exness","EURUSD","2023-06-02 00:54:49.037Z",1.07628,1.07634
"exness","EURUSD","2023-06-02 00:54:49.066Z",1.0763,1.07636
"exness","EURUSD","2023-06-02 00:54:49.314Z",1.07631,1.07636
"exness","EURUSD","2023-06-02 00:54:49.332Z",1.07631,1.07638
"exness","EURUSD","2023-06-02 00:54:50.062Z",1.07631,1.07636
"exness","EURUSD","2023-06-02 00:54:50.443Z",1.0763,1.07636
"exness","EURUSD","2023-06-02 00:54:51.186Z",1.07631,1.07636
"exness","EURUSD","2023-06-02 00:54:51.759Z",1.0763,1.07636
"exness","EURUSD","2023-06-02 00:54:51.779Z",1.07628,1.07634
"exness","EURUSD","2023-06-02 00:54:54.369Z",1.07627,1.07633
"exness","EURUSD","2023-06-02 00:54:57.173Z",1.07629,1.07635
"exness","EURUSD","2023-06-02 00:54:58.351Z",1.07629,1.07634
"exness","EURUSD","2023-06-02 00:54:58.363Z",1.07629,1.07635
"exness","EURUSD","2023-06-02 00:54:59.138Z",1.07631,1.07637
"exness","EURUSD","2023-06-02 00:54:59.164Z",1.07632,1.07638
"exness","EURUSD","2023-06-02 00:54:59.213Z",1.0763,1.07637
"exness","EURUSD","2023-06-02 00:54:59.275Z",1.0763,1.07635
"exness","EURUSD","2023-06-02 00:54:59.315Z",1.07631,1.07637
"exness","EURUSD","2023-06-02 00:54:59.319Z",1.07632,1.07639
"exness","EURUSD","2023-06-02 00:54:59.375Z",1.07634,1.0764
"exness","EURUSD","2023-06-02 00:55:02.676Z",1.07632,1.07639
"exness","EURUSD","2023-06-02 00:55:04.735Z",1.07631,1.07637
"exness","EURUSD","2023-06-02 00:55:05.602Z",1.07629,1.07635
"exness","EURUSD","2023-06-02 00:55:12.613Z",1.07629,1.07634
"exness","EURUSD","2023-06-02 00:55:15.454Z",1.07629,1.07635
"exness","EURUSD","2023-06-02 00:55:27.199Z",1.07627,1.07633
"exness","EURUSD","2023-06-02 00:55:27.224Z",1.07625,1.07631
"exness","EURUSD","2023-06-02 00:55:33.341Z",1.07627,1.07633
"exness","EURUSD","2023-06-02 00:55:35.928Z",1.07628,1.07633
"exness","EURUSD","2023-06-02 00:55:48.224Z",1.07626,1.07632
"exness","EURUSD","2023-06-02 00:55:49.406Z",1.07625,1.0763
"exness","EURUSD","2023-06-02 00:55:53.084Z",1.07624,1.0763
"exness","EURUSD","2023-06-02 00:56:00.185Z",1.07626,1.07632
"exness","EURUSD","2023-06-02 00:56:02.342Z",1.07624,1.0763
"exness","EURUSD","2023-06-02 00:56:07.882Z",1.07625,1.0763
"exness","EURUSD","2023-06-02 00:56:17.714Z",1.07626,1.07632
"exness","EURUSD","2023-06-02 00:56:18.436Z",1.07626,1.07631
"exness","EURUSD","2023-06-02 00:56:27.261Z",1.07624,1.0763
"exness","EURUSD","2023-06-02 00:57:02.970Z",1.07622,1.07628
"exness","EURUSD","2023-06-02 00:57:03.645Z",1.0762,1.07626
"exness","EURUSD","2023-06-02 00:57:11.501Z",1.07619,1.07625
"exness","EURUSD","2023-06-02 00:57:12.408Z",1.07618,1.07623
"exness","EURUSD","2023-06-02 00:57:13.264Z",1.07616,1.07623
"exness","EURUSD","2023-06-02 00:57:19.116Z",1.07616,1.07621
"exness","EURUSD","2023-06-02 00:57:19.131Z",1.07617,1.07623
"exness","EURUSD","2023-06-02 00:57:20.116Z",1.07618,1.07623
"exness","EURUSD","2023-06-02 00:57:22.937Z",1.07617,1.07623
"exness","EURUSD","2023-06-02 00:57:33.762Z",1.07616,1.07622
"exness","EURUSD","2023-06-02 00:57:36.091Z",1.07616,1.07621
"exness","EURUSD","2023-06-02 00:57:36.121Z",1.07616,1.07622
"exness","EURUSD","2023-06-02 00:57:36.656Z",1.07617,1.07622
"exness","EURUSD","2023-06-02 00:57:47.957Z",1.07616,1.07622
"exness","EURUSD","2023-06-02 00:58:00.567Z",1.07615,1.07621
"exness","EURUSD","2023-06-02 00:58:01.137Z",1.07615,1.0762
"exness","EURUSD","2023-06-02 00:58:06.752Z",1.07613,1.0762
"exness","EURUSD","2023-06-02 00:58:23.408Z",1.07615,1.07621
"exness","EURUSD","2023-06-02 00:58:29.071Z",1.07617,1.07623
"exness","EURUSD","2023-06-02 00:59:01.937Z",1.07615,1.07621
"exness","EURUSD","2023-06-02 00:59:16.721Z",1.07616,1.07621
"exness","EURUSD","2023-06-02 00:59:19.021Z",1.07616,1.07622
"exness","EURUSD","2023-06-02 00:59:21.069Z",1.07617,1.07624
"exness","EURUSD","2023-06-02 00:59:45.400Z",1.07617,1.07622
"exness","EURUSD","2023-06-02 00:59:54.614Z",1.07615,1.07622
"exness","EURUSD","2023-06-02 00:59:59.043Z",1.07615,1.0762
"exness","EURUSD","2023-06-02 01:00:00.096Z",1.07615,1.07621
"exness","EURUSD","2023-06-02 01:00:00.242Z",1.07617,1.07623
"exness","EURUSD","2023-06-02 01:00:01.038Z",1.07616,1.07621
"exness","EURUSD","2023-06-02 01:00:03.151Z",1.07616,1.07623
"exness","EURUSD","2023-06-02 01:00:03.931Z",1.07618,1.07624
"exness","EURUSD","2023-06-02 01:00:11.006Z",1.07616,1.07623
"exness","EURUSD","2023-06-02 01:00:11.041Z",1.07615,1.07621
"exness","EURUSD","2023-06-02 01:00:13.358Z",1.07617,1.07622
"exness","EURUSD","2023-06-02 01:00:14.395Z",1.07617,1.07623
"exness","EURUSD","2023-06-02 01:00:24.767Z",1.07618,1.07623
"exness","EURUSD","2023-06-02 01:00:24.878Z",1.07618,1.07625
"exness","EURUSD","2023-06-02 01:00:42.091Z",1.07617,1.07623
"exness","EURUSD","2023-06-02 01:00:45.271Z",1.07617,1.07622
"exness","EURUSD","2023-06-02 01:00:54.866Z",1.07615,1.07621
"exness","EURUSD","2023-06-02 01:00:56.258Z",1.07613,1.0762
"exness","EURUSD","2023-06-02 01:01:01.848Z",1.07615,1.0762
"exness","EURUSD","2023-06-02 01:01:04.941Z",1.07613,1.07619
"exness","EURUSD","2023-06-02 01:01:05.031Z",1.07612,1.07618
"exness","EURUSD","2023-06-02 01:01:22.369Z",1.07609,1.07616
"exness","EURUSD","2023-06-02 01:01:23.231Z",1.07611,1.07617
"exness","EURUSD","2023-06-02 01:01:24.149Z",1.07612,1.07619
"exness","EURUSD","2023-06-02 01:01:24.182Z",1.07614,1.0762
"exness","EURUSD","2023-06-02 01:01:25.219Z",1.07615,1.0762
"exness","EURUSD","2023-06-02 01:01:31.836Z",1.07615,1.07621
"exness","EURUSD","2023-06-02 01:01:34.686Z",1.07618,1.07624
"exness","EURUSD","2023-06-02 01:01:34.719Z",1.07619,1.07625
"exness","EURUSD","2023-06-02 01:01:35.298Z",1.0762,1.07625
"exness","EURUSD","2023-06-02 01:01:43.215Z",1.07621,1.07627
"exness","EURUSD","2023-06-02 01:01:43.496Z",1.07623,1.07629
"exness","EURUSD","2023-06-02 01:01:44.330Z",1.07624,1.0763
"exness","EURUSD","2023-06-02 01:01:45.742Z",1.07626,1.07632
"exness","EURUSD","2023-06-02 01:01:45.977Z",1.07628,1.07634
"exness","EURUSD","2023-06-02 01:01:45.996Z",1.07629,1.07636
"exness","EURUSD","2023-06-02 01:01:50.494Z",1.07631,1.07636
"exness","EURUSD","2023-06-02 01:01:50.517Z",1.07632,1.07638
"exness","EURUSD","2023-06-02 01:01:50.557Z",1.07633,1.07639
"exness","EURUSD","2023-06-02 01:01:54.771Z",1.07635,1.07641
"exness","EURUSD","2023-06-02 01:01:58.098Z",1.07633,1.07639
"exness","EURUSD","2023-06-02 01:02:04.666Z",1.07635,1.07642
"exness","EURUSD","2023-06-02 01:02:04.711Z",1.07637,1.07643
"exness","EURUSD","2023-06-02 01:02:06.973Z",1.07638,1.07643
"exness","EURUSD","2023-06-02 01:02:15.965Z",1.07637,1.07643
"exness","EURUSD","2023-06-02 01:02:21.985Z",1.07635,1.07641
"exness","EURUSD","2023-06-02 01:02:23.016Z",1.07634,1.0764
"exness","EURUSD","2023-06-02 01:02:23.436Z",1.07635,1.0764
"exness","EURUSD","2023-06-02 01:02:26.846Z",1.07636,1.07641
"exness","EURUSD","2023-06-02 01:02:27.145Z",1.07636,1.07643
"exness","EURUSD","2023-06-02 01:02:28.189Z",1.07638,1.07644
"exness","EURUSD","2023-06-02 01:02:45.474Z",1.07636,1.07643
"exness","EURUSD","2023-06-02 01:02:45.705Z",1.07636,1.07641
"exness","EURUSD","2023-06-02 01:02:46.962Z",1.07634,1.0764
"exness","EURUSD","2023-06-02 01:02:48.473Z",1.07636,1.07642
"exness","EURUSD","2023-06-02 01:02:57.662Z",1.07634,1.07641
"exness","EURUSD","2023-06-02 01:03:01.879Z",1.07636,1.07642
"exness","EURUSD","2023-06-02 01:03:05.637Z",1.07634,1.07641
"exness","EURUSD","2023-06-02 01:03:06.059Z",1.07633,1.07639
"exness","EURUSD","2023-06-02 01:03:24.309Z",1.07632,1.07638
"exness","EURUSD","2023-06-02 01:03:24.358Z",1.07631,1.07636
"exness","EURUSD","2023-06-02 01:03:24.440Z",1.07632,1.07638
"exness","EURUSD","2023-06-02 01:03:27.808Z",1.07633,1.07639
"exness","EURUSD","2023-06-02 01:03:29.440Z",1.07635,1.07642
"exness","EURUSD","2023-06-02 01:03:30.005Z",1.07637,1.07643
"exness","EURUSD","2023-06-02 01:03:31.048Z",1.07639,1.07645
"exness","EURUSD","2023-06-02 01:03:32.604Z",1.0764,1.07645
"exness","EURUSD","2023-06-02 01:03:46.318Z",1.0764,1.07646
"exness","EURUSD","2023-06-02 01:03:51.764Z",1.07639,1.07645
"exness","EURUSD","2023-06-02 01:03:56.061Z",1.07638,1.07643
"exness","EURUSD","2023-06-02 01:04:01.281Z",1.07639,1.07645
"exness","EURUSD","2023-06-02 01:04:18.711Z",1.07638,1.07644
"exness","EURUSD","2023-06-02 01:04:24.937Z",1.07636,1.07642
"exness","EURUSD","2023-06-02 01:04:25.020Z",1.07635,1.07641
"exness","EURUSD","2023-06-02 01:04:29.070Z",1.07633,1.07639
"exness","EURUSD","2023-06-02 01:04:36.469Z",1.0763,1.07637
"exness","EURUSD","2023-06-02 01:04:45.184Z",1.07632,1.07637
"exness","EURUSD","2023-06-02 01:04:46.258Z",1.07632,1.07638
"exness","EURUSD","2023-06-02 01:04:46.274Z",1.0763,1.07637
"exness","EURUSD","2023-06-02 01:04:46.409Z",1.07629,1.07635
"exness","EURUSD","2023-06-02 01:04:52.988Z",1.07628,1.07634
"exness","EURUSD","2023-06-02 01:04:58.330Z",1.07628,1.07633
"exness","EURUSD","2023-06-02 01:05:00.625Z",1.07628,1.07634
"exness","EURUSD","2023-06-02 01:05:05.591Z",1.07627,1.07633
"exness","EURUSD","2023-06-02 01:05:06.280Z",1.07626,1.07631
"exness","EURUSD","2023-06-02 01:05:07.431Z",1.07627,1.07633
"exness","EURUSD","2023-06-02 01:05:13.984Z",1.07625,1.07631
"exness","EURUSD","2023-06-02 01:05:14.570Z",1.07624,1.0763
"exness","EURUSD","2023-06-02 01:05:18.389Z",1.07622,1.07628
"exness","EURUSD","2023-06-02 01:05:18.464Z",1.07621,1.07627
"exness","EURUSD","2023-06-02 01:05:18.934Z",1.07619,1.07625
"exness","EURUSD","2023-06-02 01:05:21.320Z",1.07619,1.07624
"exness","EURUSD","2023-06-02 01:05:21.709Z",1.07617,1.07624
"exness","EURUSD","2023-06-02 01:05:23.005Z",1.07616,1.07623
"exness","EURUSD","2023-06-02 01:05:25.069Z",1.07618,1.07623
"exness","EURUSD","2023-06-02 01:05:39.438Z",1.07617,1.07623
"exness","EURUSD","2023-06-02 01:05:41.759Z",1.07618,1.07623
"exness","EURUSD","2023-06-02 01:05:46.940Z",1.07616,1.07622
"exness","EURUSD","2023-06-02 01:05:46.980Z",1.07616,1.07621
"exness","EURUSD","2023-06-02 01:05:47.813Z",1.07616,1.07623
"exness","EURUSD","2023-06-02 01:05:54.966Z",1.07617,1.07624
"exness","EURUSD","2023-06-02 01:05:55.074Z",1.07619,1.07625
"exness","EURUSD","2023-06-02 01:05:57.081Z",1.07616,1.07623
"exness","EURUSD","2023-06-02 01:05:58.742Z",1.07616,1.07621
"exness","EURUSD","2023-06-02 01:05:59.892Z",1.07615,1.07621
"exness","EURUSD","2023-06-02 01:06:04.086Z",1.07612,1.07619
"exness","EURUSD","2023-06-02 01:06:05.813Z",1.07611,1.07617
"exness","EURUSD","2023-06-02 01:06:08.756Z",1.0761,1.07616
"exness","EURUSD","2023-06-02 01:06:09.847Z",1.0761,1.07615
"exness","EURUSD","2023-06-02 01:06:40.982Z",1.07607,1.07614
"exness","EURUSD","2023-06-02 01:06:41.043Z",1.07606,1.07612
"exness","EURUSD","2023-06-02 01:06:49.436Z",1.0760399999999999,1.0761
"exness","EURUSD","2023-06-02 01:06:50.792Z",1.07606,1.07611
"exness","EURUSD","2023-06-02 01:06:53.457Z",1.07605,1.07611
"exness","EURUSD","2023-06-02 01:06:58.111Z",1.07606,1.07613
"exness","EURUSD","2023-06-02 01:07:07.654Z",1.07605,1.07611
"exness","EURUSD","2023-06-02 01:07:07.760Z",1.0760399999999999,1.0761
"exness","EURUSD","2023-06-02 01:07:07.774Z",1.07602,1.07608
"exness","EURUSD","2023-06-02 01:07:07.797Z",1.07601,1.07607
"exness","EURUSD","2023-06-02 01:07:09.244Z",1.076,1.07605
"exness","EURUSD","2023-06-02 01:07:13.705Z",1.07599,1.07605
"exness","EURUSD","2023-06-02 01:07:13.762Z",1.07601,1.07607
"exness","EURUSD","2023-06-02 01:07:16.551Z",1.07602,1.07608
"exness","EURUSD","2023-06-02 01:07:22.145Z",1.0760399999999999,1.0761
"exness","EURUSD","2023-06-02 01:07:22.181Z",1.07605,1.07611
"exness","EURUSD","2023-06-02 01:07:23.991Z",1.07607,1.07612
"exness","EURUSD","2023-06-02 01:07:27.194Z",1.07605,1.07611
"exness","EURUSD","2023-06-02 01:07:27.226Z",1.07603,1.07609
"exness","EURUSD","2023-06-02 01:07:27.437Z",1.07602,1.07608
"exness","EURUSD","2023-06-02 01:07:29.148Z",1.07599,1.07606
"exness","EURUSD","2023-06-02 01:07:32.779Z",1.07598,1.0760399999999999
"exness","EURUSD","2023-06-02 01:07:37.526Z",1.07599,1.07606
"exness","EURUSD","2023-06-02 01:07:49.998Z",1.076,1.07607
"exness","EURUSD","2023-06-02 01:07:53.620Z",1.07602,1.07607
"exness","EURUSD","2023-06-02 01:07:56.382Z",1.076,1.07606
"exness","EURUSD","2023-06-02 01:07:57.817Z",1.07599,1.07605
"exness","EURUSD","2023-06-02 01:07:57.996Z",1.07601,1.07606
"exness","EURUSD","2023-06-02 01:08:01.575Z",1.07601,1.07607
"exness","EURUSD","2023-06-02 01:08:06.641Z",1.07602,1.07607
"exness","EURUSD","2023-06-02 01:08:10.920Z",1.07602,1.07608
"exness","EURUSD","2023-06-02 01:08:22.143Z",1.07601,1.07607
"exness","EURUSD","2023-06-02 01:08:27.248Z",1.07599,1.07606
"exness","EURUSD","2023-06-02 01:08:28.662Z",1.07601,1.07607
"exness","EURUSD","2023-06-02 01:08:32.369Z",1.076,1.07606
"exness","EURUSD","2023-06-02 01:08:36.902Z",1.07601,1.07608
"exness","EURUSD","2023-06-02 01:08:39.662Z",1.07601,1.07606
"exness","EURUSD","2023-06-02 01:08:43.822Z",1.076,1.07606
"exness","EURUSD","2023-06-02 01:08:46.150Z",1.07598,1.0760399999999999
"exness","EURUSD","2023-06-02 01:08:46.184Z",1.07596,1.07602
"exness","EURUSD","2023-06-02 01:08:46.270Z",1.07595,1.07601
"exness","EURUSD","2023-06-02 01:08:46.795Z",1.07594,1.07599
"exness","EURUSD","2023-06-02 01:08:50.504Z",1.07594,1.076
"exness","EURUSD","2023-06-02 01:08:57.107Z",1.07596,1.07602
"exness","EURUSD","2023-06-02 01:08:58.722Z",1.07597,1.07602
"exness","EURUSD","2023-06-02 01:09:01.192Z",1.07595,1.07601
"exness","EURUSD","2023-06-02 01:09:03.230Z",1.07593,1.07599
"exness","EURUSD","2023-06-02 01:09:03.258Z",1.07591,1.07598
"exness","EURUSD","2023-06-02 01:09:03.324Z",1.0759,1.07596
"exness","EURUSD","2023-06-02 01:09:03.696Z",1.07591,1.07596
"exness","EURUSD","2023-06-02 01:09:05.923Z",1.0759,1.07596
"exness","EURUSD","2023-06-02 01:09:07.477Z",1.07588,1.07594
"exness","EURUSD","2023-06-02 01:09:09.327Z",1.07588,1.07593
"exness","EURUSD","2023-06-02 01:09:13.480Z",1.07588,1.07594
"exness","EURUSD","2023-06-02 01:09:16.628Z",1.07586,1.07593
"exness","EURUSD","2023-06-02 01:09:16.690Z",1.07586,1.07591
"exness","EURUSD","2023-06-02 01:09:18.995Z",1.07587,1.07594
"exness","EURUSD","2023-06-02 01:09:25.843Z",1.0759,1.07596
"exness","EURUSD","2023-06-02 01:09:25.915Z",1.07591,1.07598
"exness","EURUSD","2023-06-02 01:09:26.147Z",1.07593,1.07599
"exness","EURUSD","2023-06-02 01:09:26.174Z",1.07594,1.07601
"exness","EURUSD","2023-06-02 01:09:26.188Z",1.07596,1.07602
"exness","EURUSD","2023-06-02 01:09:31.972Z",1.07597,1.07603
"exness","EURUSD","2023-06-02 01:09:49.192Z",1.07598,1.0760399999999999
"exness","EURUSD","2023-06-02 01:09:50.701Z",1.076,1.07606
"exness","EURUSD","2023-06-02 01:09:52.825Z",1.07599,1.0760399999999999
"exness","EURUSD","2023-06-02 01:09:58.490Z",1.076,1.07607
"exness","EURUSD","2023-06-02 01:10:00.906Z",1.07602,1.07608
"exness","EURUSD","2023-06-02 01:10:02.100Z",1.076,1.07606
"exness","EURUSD","2023-06-02 01:10:11.668Z",1.076,1.07605
"exness","EURUSD","2023-06-02 01:10:17.630Z",1.07598,1.07605
"exness","EURUSD","2023-06-02 01:10:28.151Z",1.07597,1.07603
"exness","EURUSD","2023-06-02 01:10:28.175Z",1.07595,1.07601
"exness","EURUSD","2023-06-02 01:10:32.495Z",1.07595,1.076
"exness","EURUSD","2023-06-02 01:10:33.494Z",1.07595,1.07601
"exness","EURUSD","2023-06-02 01:10:43.877Z",1.07595,1.076
"exness","EURUSD","2023-06-02 01:10:54.416Z",1.07595,1.07601
"exness","EURUSD","2023-06-02 01:11:00.310Z",1.07597,1.0760399999999999
"exness","EURUSD","2023-06-02 01:11:09.597Z",1.07596,1.07602
"exness","EURUSD","2023-06-02 01:11:11.987Z",1.07596,1.07601
"exness","EURUSD","2023-06-02 01:11:12.026Z",1.07597,1.07603
"exness","EURUSD","2023-06-02 01:11:12.038Z",1.07598,1.0760399999999999
"exness","EURUSD","2023-06-02 01:11:17.250Z",1.076,1.07607
"exness","EURUSD","2023-06-02 01:11:17.946Z",1.07602,1.07608
"exness","EURUSD","2023-06-02 01:11:35.026Z",1.0760399999999999,1.0761
"exness","EURUSD","2023-06-02 01:11:49.295Z",1.07606,1.07612
"exness","EURUSD","2023-06-02 01:11:49.313Z",1.07607,1.07613
"exness","EURUSD","2023-06-02 01:11:49.332Z",1.07609,1.07615
"exness","EURUSD","2023-06-02 01:11:49.350Z",1.0761,1.07617
"exness","EURUSD","2023-06-02 01:11:49.386Z",1.07612,1.07618
"exness","EURUSD","2023-06-02 01:11:55.903Z",1.07613,1.07618
"exness","EURUSD","2023-06-02 01:12:01.445Z",1.07613,1.07619
"exness","EURUSD","2023-06-02 01:12:39.095Z",1.07615,1.07621
"exness","EURUSD","2023-06-02 01:12:39.122Z",1.07617,1.07623
"exness","EURUSD","2023-06-02 01:12:39.653Z",1.07618,1.07623
"exness","EURUSD","2023-06-02 01:12:57.368Z",1.07618,1.07625
"exness","EURUSD","2023-06-02 01:13:13.186Z",1.07616,1.07622
"exness","EURUSD","2023-06-02 01:13:13.247Z",1.07615,1.07621
"exness","EURUSD","2023-06-02 01:13:17.098Z",1.07614,1.07619
"exness","EURUSD","2023-06-02 01:13:20.801Z",1.07615,1.07621
"exness","EURUSD","2023-06-02 01:13:20.826Z",1.07616,1.07623
"exness","EURUSD","2023-06-02 01:13:33.990Z",1.07617,1.07624
"exness","EURUSD","2023-06-02 01:13:34.360Z",1.07616,1.07622
"exness","EURUSD","2023-06-02 01:13:34.429Z",1.07614,1.07621
"exness","EURUSD","2023-06-02 01:13:39.573Z",1.07614,1.07619
"exness","EURUSD","2023-06-02 01:14:15.162Z",1.07612,1.07619
"exness","EURUSD","2023-06-02 01:14:22.888Z",1.07611,1.07617
"exness","EURUSD","2023-06-02 01:14:24.697Z",1.07613,1.0762
"exness","EURUSD","2023-06-02 01:14:31.573Z",1.07616,1.07621
"exness","EURUSD","2023-06-02 01:14:32.269Z",1.07614,1.0762
"exness","EURUSD","2023-06-02 01:14:55.197Z",1.07613,1.07619
"exness","EURUSD","2023-06-02 01:15:06.536Z",1.07614,1.0762
"exness","EURUSD","2023-06-02 01:15:07.974Z",1.07614,1.07619
"exness","EURUSD","2023-06-02 01:15:38.960Z",1.07615,1.07621
"exness","EURUSD","2023-06-02 01:15:43.805Z",1.07616,1.07622
"exness","EURUSD","2023-06-02 01:15:49.076Z",1.07618,1.07624
"exness","EURUSD","2023-06-02 01:15:49.094Z",1.0762,1.07626
"exness","EURUSD","2023-06-02 01:15:50.118Z",1.07621,1.07627
"exness","EURUSD","2023-06-02 01:15:51.158Z",1.0762,1.07626
"exness","EURUSD","2023-06-02 01:15:55.932Z",1.0762,1.07625
"exness","EURUSD","2023-06-02 01:15:59.233Z",1.0762,1.07626
"exness","EURUSD","2023-06-02 01:16:02.368Z",1.07621,1.07627
"exness","EURUSD","2023-06-02 01:16:03.031Z",1.07623,1.07629
"exness","EURUSD","2023-06-02 01:16:10.136Z",1.07621,1.07627
"exness","EURUSD","2023-06-02 01:16:10.732Z",1.0762,1.07626
"exness","EURUSD","2023-06-02 01:16:12.533Z",1.07618,1.07625
"exness","EURUSD","2023-06-02 01:16:16.632Z",1.07617,1.07623
"exness","EURUSD","2023-06-02 01:16:16.709Z",1.07615,1.07621
"exness","EURUSD","2023-06-02 01:16:16.738Z",1.07613,1.0762
"exness","EURUSD","2023-06-02 01:16:17.777Z",1.07613,1.07618
"exness","EURUSD","2023-06-02 01:16:22.998Z",1.07613,1.07619
"exness","EURUSD","2023-06-02 01:16:31.343Z",1.07612,1.07618
"exness","EURUSD","2023-06-02 01:16:31.355Z",1.0761,1.07617
"exness","EURUSD","2023-06-02 01:16:31.362Z",1.07609,1.07615
"exness","EURUSD","2023-06-02 01:16:32.515Z",1.07607,1.07614
"exness","EURUSD","2023-06-02 01:17:10.180Z",1.07608,1.07615
"exness","EURUSD","2023-06-02 01:17:21.721Z",1.0761,1.07616
"exness","EURUSD","2023-06-02 01:17:21.748Z",1.07611,1.07616
"exness","EURUSD","2023-06-02 01:17:21.766Z",1.0761,1.07616
"exness","EURUSD","2023-06-02 01:17:21.851Z",1.07609,1.07614
"exness","EURUSD","2023-06-02 01:17:26.572Z",1.07608,1.07614
"exness","EURUSD","2023-06-02 01:17:34.662Z",1.07607,1.07612
"exness","EURUSD","2023-06-02 01:17:38.904Z",1.07606,1.07612
"exness","EURUSD","2023-06-02 01:17:39.894Z",1.0760399999999999,1.07611
"exness","EURUSD","2023-06-02 01:17:39.933Z",1.07603,1.07609
"exness","EURUSD","2023-06-02 01:17:42.776Z",1.07603,1.07608
"exness","EURUSD","2023-06-02 01:17:42.801Z",1.07601,1.07607
"exness","EURUSD","2023-06-02 01:17:43.275Z",1.076,1.07606
"exness","EURUSD","2023-06-02 01:17:43.595Z",1.076,1.07605
"exness","EURUSD","2023-06-02 01:17:43.608Z",1.076,1.07606
"exness","EURUSD","2023-06-02 01:18:02.474Z",1.07598,1.0760399999999999
"exness","EURUSD","2023-06-02 01:18:39.407Z",1.07599,1.07605
"exness","EURUSD","2023-06-02 01:18:40.314Z",1.076,1.07606
"exness","EURUSD","2023-06-02 01:18:40.341Z",1.07602,1.07608
"exness","EURUSD","2023-06-02 01:18:40.387Z",1.07603,1.07609
"exness","EURUSD","2023-06-02 01:18:43.648Z",1.07605,1.07612
"exness","EURUSD","2023-06-02 01:18:43.679Z",1.07607,1.07613
"exness","EURUSD","2023-06-02 01:19:00.312Z",1.07606,1.07611
"exness","EURUSD","2023-06-02 01:19:00.928Z",1.07605,1.07611
"exness","EURUSD","2023-06-02 01:19:03.224Z",1.0760399999999999,1.0761
"exness","EURUSD","2023-06-02 01:19:17.937Z",1.07605,1.07611
"exness","EURUSD","2023-06-02 01:19:19.287Z",1.07606,1.07612
"exness","EURUSD","2023-06-02 01:19:20.752Z",1.07607,1.07614
"exness","EURUSD","2023-06-02 01:19:21.084Z",1.07609,1.07615
"exness","EURUSD","2023-06-02 01:19:21.600Z",1.0761,1.07615
"exness","EURUSD","2023-06-02 01:19:27.168Z",1.07609,1.07615
"exness","EURUSD","2023-06-02 01:19:31.970Z",1.07611,1.07617
"exness","EURUSD","2023-06-02 01:19:35.450Z",1.07612,1.07617
"exness","EURUSD","2023-06-02 01:19:52.558Z",1.07613,1.0762
"exness","EURUSD","2023-06-02 01:20:10.627Z",1.07613,1.07618
"exness","EURUSD","2023-06-02 01:20:16.095Z",1.07614,1.0762
"exness","EURUSD","2023-06-02 01:20:18.179Z",1.07616,1.07622
"exness","EURUSD","2023-06-02 01:20:18.227Z",1.07617,1.07623
"exness","EURUSD","2023-06-02 01:20:21.147Z",1.07619,1.07624
"exness","EURUSD","2023-06-02 01:20:25.672Z",1.07619,1.07625
"exness","EURUSD","2023-06-02 01:20:30.104Z",1.0762,1.07627
"exness","EURUSD","2023-06-02 01:20:33.762Z",1.07622,1.07627
"exness","EURUSD","2023-06-02 01:20:36.100Z",1.0762,1.07626
"exness","EURUSD","2023-06-02 01:20:44.491Z",1.07621,1.07628
"exness","EURUSD","2023-06-02 01:20:49.884Z",1.07623,1.07628
"exness","EURUSD","2023-06-02 01:21:05.387Z",1.07621,1.07627
"exness","EURUSD","2023-06-02 01:21:05.407Z",1.07619,1.07625
"exness","EURUSD","2023-06-02 01:21:11.833Z",1.07621,1.07627
"exness","EURUSD","2023-06-02 01:21:19.611Z",1.07622,1.07629
"exness","EURUSD","2023-06-02 01:21:20.846Z",1.07624,1.07629
"exness","EURUSD","2023-06-02 01:21:25.669Z",1.07625,1.07631
"exness","EURUSD","2023-06-02 01:21:46.722Z",1.07626,1.07632
"exness","EURUSD","2023-06-02 01:21:53.121Z",1.07625,1.07631
"exness","EURUSD","2023-06-02 01:21:54.214Z",1.07625,1.0763
"exness","EURUSD","2023-06-02 01:21:57.260Z",1.07625,1.07631
"exness","EURUSD","2023-06-02 01:22:01.368Z",1.07626,1.07632
"exness","EURUSD","2023-06-02 01:22:18.114Z",1.07625,1.07631
"exness","EURUSD","2023-06-02 01:22:18.125Z",1.07623,1.0763
"exness","EURUSD","2023-06-02 01:22:28.046Z",1.07625,1.07631
"exness","EURUSD","2023-06-02 01:22:28.087Z",1.07626,1.07632
"exness","EURUSD","2023-06-02 01:22:33.726Z",1.07628,1.07633
"exness","EURUSD","2023-06-02 01:22:33.845Z",1.07628,1.07635
"exness","EURUSD","2023-06-02 01:22:34.187Z",1.0763,1.07636
"exness","EURUSD","2023-06-02 01:22:34.674Z",1.07631,1.07636
"exness","EURUSD","2023-06-02 01:22:34.722Z",1.07632,1.07638
"exness","EURUSD","2023-06-02 01:22:34.934Z",1.07633,1.07639
"exness","EURUSD","2023-06-02 01:22:41.150Z",1.07634,1.07641
"exness","EURUSD","2023-06-02 01:22:41.291Z",1.07636,1.07641
"exness","EURUSD","2023-06-02 01:22:48.070Z",1.07634,1.0764
"exness","EURUSD","2023-06-02 01:22:50.786Z",1.07633,1.07638
"exness","EURUSD","2023-06-02 01:22:51.020Z",1.07632,1.07638
"exness","EURUSD","2023-06-02 01:22:51.053Z",1.0763,1.07636
"exness","EURUSD","2023-06-02 01:22:54.327Z",1.07629,1.07635
"exness","EURUSD","2023-06-02 01:23:02.266Z",1.07629,1.07634
"exness","EURUSD","2023-06-02 01:23:20.504Z",1.07628,1.07634
"exness","EURUSD","2023-06-02 01:23:22.995Z",1.07626,1.07632
"exness","EURUSD","2023-06-02 01:23:23.067Z",1.07626,1.07631
"exness","EURUSD","2023-06-02 01:23:24.816Z",1.07625,1.07631
"exness","EURUSD","2023-06-02 01:23:48.214Z",1.07624,1.0763
"exness","EURUSD","2023-06-02 01:23:55.633Z",1.07622,1.07629
"exness","EURUSD","2023-06-02 01:23:57.664Z",1.07621,1.07627
"exness","EURUSD","2023-06-02 01:24:00.198Z",1.0762,1.07625
"exness","EURUSD","2023-06-02 01:24:00.237Z",1.07621,1.07627
"exness","EURUSD","2023-06-02 01:24:02.482Z",1.07621,1.07626
"exness","EURUSD","2023-06-02 01:24:04.092Z",1.07619,1.07625
"exness","EURUSD","2023-06-02 01:24:05.134Z",1.07618,1.07624
"exness","EURUSD","2023-06-02 01:24:13.059Z",1.07616,1.07622
"exness","EURUSD","2023-06-02 01:24:13.142Z",1.07614,1.07621
"exness","EURUSD","2023-06-02 01:24:24.546Z",1.07613,1.07619
"exness","EURUSD","2023-06-02 01:24:40.533Z",1.07615,1.07621
"exness","EURUSD","2023-06-02 01:24:40.651Z",1.07616,1.07622
"exness","EURUSD","2023-06-02 01:24:48.556Z",1.07617,1.07622
"exness","EURUSD","2023-06-02 01:24:49.071Z",1.07616,1.07622
"exness","EURUSD","2023-06-02 01:24:49.616Z",1.07614,1.0762
"exness","EURUSD","2023-06-02 01:25:01.696Z",1.07616,1.07622
"exness","EURUSD","2023-06-02 01:25:01.838Z",1.07617,1.07622
"exness","EURUSD","2023-06-02 01:25:02.430Z",1.07618,1.07624
"exness","EURUSD","2023-06-02 01:25:03.964Z",1.0762,1.07626
"exness","EURUSD","2023-06-02 01:25:10.621Z",1.07619,1.07625
"exness","EURUSD","2023-06-02 01:25:10.794Z",1.07618,1.07623
"exness","EURUSD","2023-06-02 01:25:11.805Z",1.07617,1.07624
"exness","EURUSD","2023-06-02 01:25:12.426Z",1.07616,1.07621
"exness","EURUSD","2023-06-02 01:25:16.247Z",1.07615,1.07622
"exness","EURUSD","2023-06-02 01:25:20.030Z",1.07617,1.07623
"exness","EURUSD","2023-06-02 01:25:24.430Z",1.07618,1.07623
"exness","EURUSD","2023-06-02 01:25:32.339Z",1.07618,1.07624
"exness","EURUSD","2023-06-02 01:25:44.801Z",1.07619,1.07625
"exness","EURUSD","2023-06-02 01:25:53.432Z",1.07619,1.07624
"exness","EURUSD","2023-06-02 01:26:14.235Z",1.07618,1.07624
"exness","EURUSD","2023-06-02 01:26:26.844Z",1.07616,1.07623
"exness","EURUSD","2023-06-02 01:26:26.889Z",1.07615,1.07621
"exness","EURUSD","2023-06-02 01:26:27.008Z",1.07613,1.07619
"exness","EURUSD","2023-06-02 01:27:00.539Z",1.07611,1.07617
"exness","EURUSD","2023-06-02 01:27:01.902Z",1.0761,1.07616
"exness","EURUSD","2023-06-02 01:27:02.132Z",1.07611,1.07617
"exness","EURUSD","2023-06-02 01:27:02.463Z",1.07613,1.07618
"exness","EURUSD","2023-06-02 01:27:03.506Z",1.07611,1.07617
"exness","EURUSD","2023-06-02 01:27:21.331Z",1.07613,1.0762
"exness","EURUSD","2023-06-02 01:27:21.772Z",1.07615,1.07621
"exness","EURUSD","2023-06-02 01:27:27.983Z",1.07616,1.07621
"exness","EURUSD","2023-06-02 01:27:35.848Z",1.07615,1.07621
"exness","EURUSD","2023-06-02 01:27:57.846Z",1.07613,1.07619
"exness","EURUSD","2023-06-02 01:28:17.652Z",1.07611,1.07618
"exness","EURUSD","2023-06-02 01:28:17.749Z",1.0761,1.07616
"exness","EURUSD","2023-06-02 01:28:19.119Z",1.07609,1.07615
"exness","EURUSD","2023-06-02 01:28:20.885Z",1.0761,1.07617
"exness","EURUSD","2023-06-02 01:28:21.137Z",1.07612,1.07618
"exness","EURUSD","2023-06-02 01:28:24.217Z",1.07613,1.07618
"exness","EURUSD","2023-06-02 01:28:27.329Z",1.07612,1.07618
"exness","EURUSD","2023-06-02 01:28:50.269Z",1.07613,1.07619
"exness","EURUSD","2023-06-02 01:28:57.638Z",1.07611,1.07617
"exness","EURUSD","2023-06-02 01:29:00.656Z",1.0761,1.07616
"exness","EURUSD","2023-06-02 01:29:11.370Z",1.07611,1.07617
"exness","EURUSD","2023-06-02 01:29:19.038Z",1.07612,1.07618
"exness","EURUSD","2023-06-02 01:29:24.714Z",1.07613,1.0762
"exness","EURUSD","2023-06-02 01:29:44.675Z",1.07615,1.07621
"exness","EURUSD","2023-06-02 01:29:45.388Z",1.07616,1.07621
"exness","EURUSD","2023-06-02 01:29:45.432Z",1.07614,1.07621
"exness","EURUSD","2023-06-02 01:29:46.488Z",1.07613,1.07619
"exness","EURUSD","2023-06-02 01:30:04.653Z",1.07615,1.07621
"exness","EURUSD","2023-06-02 01:30:07.405Z",1.07615,1.0762
"exness","EURUSD","2023-06-02 01:30:14.187Z",1.07615,1.07621
"exness","EURUSD","2023-06-02 01:30:15.992Z",1.07616,1.07623
"exness","EURUSD","2023-06-02 01:30:17.102Z",1.07618,1.07624
"exness","EURUSD","2023-06-02 01:30:43.533Z",1.07616,1.07622
"exness","EURUSD","2023-06-02 01:30:43.586Z",1.07614,1.07621
"exness","EURUSD","2023-06-02 01:30:43.607Z",1.07613,1.07619
"exness","EURUSD","2023-06-02 01:30:48.953Z",1.07615,1.0762
"exness","EURUSD","2023-06-02 01:30:49.125Z",1.07616,1.07622
"exness","EURUSD","2023-06-02 01:30:49.743Z",1.07614,1.0762
"exness","EURUSD","2023-06-02 01:30:50.830Z",1.07613,1.07619
"exness","EURUSD","2023-06-02 01:31:01.384Z",1.07616,1.07622
"exness","EURUSD","2023-06-02 01:31:02.331Z",1.07617,1.07623
"exness","EURUSD","2023-06-02 01:31:12.468Z",1.07615,1.07622
"exness","EURUSD","2023-06-02 01:31:25.809Z",1.07614,1.07621
"exness","EURUSD","2023-06-02 01:31:51.862Z",1.07613,1.07619
"exness","EURUSD","2023-06-02 01:31:52.579Z",1.07611,1.07618
"exness","EURUSD","2023-06-02 01:31:52.694Z",1.07611,1.07616
"exness","EURUSD","2023-06-02 01:31:56.961Z",1.07609,1.07615
"exness","EURUSD","2023-06-02 01:31:59.700Z",1.07611,1.07617
"exness","EURUSD","2023-06-02 01:32:00.171Z",1.07612,1.07618
"exness","EURUSD","2023-06-02 01:32:00.499Z",1.07611,1.07616
"exness","EURUSD","2023-06-02 01:32:06.698Z",1.07612,1.07618
"exness","EURUSD","2023-06-02 01:32:09.623Z",1.07613,1.07618
"exness","EURUSD","2023-06-02 01:32:33.861Z",1.07612,1.07618
"exness","EURUSD","2023-06-02 01:32:47.048Z",1.07613,1.07618
"exness","EURUSD","2023-06-02 01:32:47.434Z",1.07614,1.0762
"exness","EURUSD","2023-06-02 01:32:48.542Z",1.07615,1.07621
"exness","EURUSD","2023-06-02 01:32:53.598Z",1.07614,1.0762
"exness","EURUSD","2023-06-02 01:32:54.748Z",1.07614,1.07619
"exness","EURUSD","2023-06-02 01:32:55.907Z",1.07612,1.07618
"exness","EURUSD","2023-06-02 01:32:59.627Z",1.07611,1.07617
"exness","EURUSD","2023-06-02 01:33:00.629Z",1.0761,1.07616
"exness","EURUSD","2023-06-02 01:33:00.679Z",1.07608,1.07614
"exness","EURUSD","2023-06-02 01:33:01.123Z",1.07607,1.07613
"exness","EURUSD","2023-06-02 01:33:02.791Z",1.07606,1.07611
"exness","EURUSD","2023-06-02 01:33:17.490Z",1.0760399999999999,1.0761
"exness","EURUSD","2023-06-02 01:33:18.547Z",1.07603,1.07609
"exness","EURUSD","2023-06-02 01:33:30.486Z",1.07601,1.07607
"exness","EURUSD","2023-06-02 01:33:40.484Z",1.076,1.07605
"exness","EURUSD","2023-06-02 01:33:45.898Z",1.07599,1.07605
"exness","EURUSD","2023-06-02 01:33:46.474Z",1.07597,1.0760399999999999
"exness","EURUSD","2023-06-02 01:33:46.501Z",1.07596,1.07602
"exness","EURUSD","2023-06-02 01:33:46.620Z",1.07595,1.076
"exness","EURUSD","2023-06-02 01:33:47.917Z",1.07593,1.076
"exness","EURUSD","2023-06-02 01:33:51.863Z",1.07593,1.07598
"exness","EURUSD","2023-06-02 01:34:04.293Z",1.07594,1.07601
"exness","EURUSD","2023-06-02 01:34:05.873Z",1.07597,1.07603
"exness","EURUSD","2023-06-02 01:34:07.477Z",1.07598,1.0760399999999999
"exness","EURUSD","2023-06-02 01:34:14.966Z",1.07597,1.07602
"exness","EURUSD","2023-06-02 01:34:18.545Z",1.07597,1.07603
"exness","EURUSD","2023-06-02 01:34:19.252Z",1.07596,1.07602
"exness","EURUSD","2023-06-02 01:34:19.344Z",1.07594,1.076
"exness","EURUSD","2023-06-02 01:34:20.499Z",1.07593,1.07599
"exness","EURUSD","2023-06-02 01:34:29.684Z",1.07595,1.07601
"exness","EURUSD","2023-06-02 01:34:29.948Z",1.07596,1.07602
"exness","EURUSD","2023-06-02 01:34:42.975Z",1.07599,1.07605
"exness","EURUSD","2023-06-02 01:35:00.478Z",1.07601,1.07607
"exness","EURUSD","2023-06-02 01:35:05.969Z",1.076,1.07605
"exness","EURUSD","2023-06-02 01:35:09.145Z",1.07601,1.07607
"exness","EURUSD","2023-06-02 01:35:16.203Z",1.076,1.07605
"exness","EURUSD","2023-06-02 01:35:16.248Z",1.07601,1.07607
"exness","EURUSD","2023-06-02 01:35:20.712Z",1.076,1.07605
"exness","EURUSD","2023-06-02 01:35:22.549Z",1.07601,1.07607
"exness","EURUSD","2023-06-02 01:35:24.851Z",1.07602,1.07607
"exness","EURUSD","2023-06-02 01:35:24.887Z",1.07603,1.07609
"exness","EURUSD","2023-06-02 01:35:24.910Z",1.0760399999999999,1.0761
"exness","EURUSD","2023-06-02 01:35:27.058Z",1.07603,1.07609
"exness","EURUSD","2023-06-02 01:35:28.874Z",1.07605,1.07611
"exness","EURUSD","2023-06-02 01:35:29.159Z",1.07606,1.07612
"exness","EURUSD","2023-06-02 01:35:29.298Z",1.07608,1.07614
"exness","EURUSD","2023-06-02 01:35:29.334Z",1.07609,1.07615
"exness","EURUSD","2023-06-02 01:35:33.496Z",1.07607,1.07613
"exness","EURUSD","2023-06-02 01:35:33.525Z",1.07606,1.07612
"exness","EURUSD","2023-06-02 01:35:33.719Z",1.0760399999999999,1.0761
"exness","EURUSD","2023-06-02 01:35:38.260Z",1.07603,1.07608
"exness","EURUSD","2023-06-02 01:35:45.069Z",1.07601,1.07608
"exness","EURUSD","2023-06-02 01:35:45.890Z",1.07603,1.07608
"exness","EURUSD","2023-06-02 01:35:49.196Z",1.07601,1.07608
"exness","EURUSD","2023-06-02 01:36:04.109Z",1.07602,1.07609
"exness","EURUSD","2023-06-02 01:36:10.308Z",1.076,1.07607
"exness","EURUSD","2023-06-02 01:36:16.090Z",1.07599,1.07605
"exness","EURUSD","2023-06-02 01:36:16.190Z",1.07598,1.0760399999999999
"exness","EURUSD","2023-06-02 01:36:16.245Z",1.07596,1.07602
"exness","EURUSD","2023-06-02 01:36:16.252Z",1.07595,1.07601
"exness","EURUSD","2023-06-02 01:36:17.771Z",1.07594,1.076
"exness","EURUSD","2023-06-02 01:36:57.702Z",1.07595,1.07602
"exness","EURUSD","2023-06-02 01:36:57.762Z",1.07597,1.07603
"exness","EURUSD","2023-06-02 01:37:00.626Z",1.07598,1.07603
"exness","EURUSD","2023-06-02 01:37:12.584Z",1.07599,1.07605
"exness","EURUSD","2023-06-02 01:37:12.620Z",1.07601,1.07607
"exness","EURUSD","2023-06-02 01:37:13.055Z",1.07603,1.07608
"exness","EURUSD","2023-06-02 01:37:13.804Z",1.07601,1.07607
"exness","EURUSD","2023-06-02 01:37:16.994Z",1.076,1.07605
"exness","EURUSD","2023-06-02 01:37:19.568Z",1.07601,1.07607
"exness","EURUSD","2023-06-02 01:37:20.742Z",1.07602,1.07608
"exness","EURUSD","2023-06-02 01:37:23.017Z",1.07603,1.07608
"exness","EURUSD","2023-06-02 01:37:24.389Z",1.0760399999999999,1.0761
"exness","EURUSD","2023-06-02 01:37:24.405Z",1.07605,1.07612
"exness","EURUSD","2023-06-02 01:37:25.548Z",1.07607,1.07613
"exness","EURUSD","2023-06-02 01:37:31.909Z",1.07608,1.07614
"exness","EURUSD","2023-06-02 01:37:34.825Z",1.07609,1.07616
"exness","EURUSD","2023-06-02 01:37:34.843Z",1.07611,1.07617
"exness","EURUSD","2023-06-02 01:37:35.214Z",1.07613,1.07618
"exness","EURUSD","2023-06-02 01:37:38.479Z",1.07613,1.07619
"exness","EURUSD","2023-06-02 01:37:39.356Z",1.07611,1.07617
"exness","EURUSD","2023-06-02 01:37:39.955Z",1.0761,1.07616
"exness","EURUSD","2023-06-02 01:37:40.250Z",1.07611,1.07616
"exness","EURUSD","2023-06-02 01:37:44.140Z",1.07611,1.07618
"exness","EURUSD","2023-06-02 01:37:46.898Z",1.07614,1.0762
"exness","EURUSD","2023-06-02 01:37:46.971Z",1.07615,1.07622
"exness","EURUSD","2023-06-02 01:37:47.141Z",1.07617,1.07623
"exness","EURUSD","2023-06-02 01:37:51.247Z",1.07619,1.07625
"exness","EURUSD","2023-06-02 01:37:51.281Z",1.07621,1.07627
"exness","EURUSD","2023-06-02 01:37:52.019Z",1.07622,1.07629
"exness","EURUSD","2023-06-02 01:37:52.094Z",1.07624,1.0763
"exness","EURUSD","2023-06-02 01:37:52.161Z",1.07625,1.0763
"exness","EURUSD","2023-06-02 01:37:53.209Z",1.07626,1.07632
"exness","EURUSD","2023-06-02 01:37:54.169Z",1.07627,1.07633
"exness","EURUSD","2023-06-02 01:37:54.499Z",1.07629,1.07635
"exness","EURUSD","2023-06-02 01:37:54.726Z",1.07631,1.07636
"exness","EURUSD","2023-06-02 01:37:56.811Z",1.07631,1.07637
"exness","EURUSD","2023-06-02 01:37:58.125Z",1.07629,1.07635
"exness","EURUSD","2023-06-02 01:37:58.658Z",1.07629,1.07634
"exness","EURUSD","2023-06-02 01:38:01.385Z",1.07629,1.07636
"exness","EURUSD","2023-06-02 01:38:01.700Z",1.07631,1.07637
"exness","EURUSD","2023-06-02 01:38:02.752Z",1.07632,1.07638
"exness","EURUSD","2023-06-02 01:38:05.169Z",1.07631,1.07636
"exness","EURUSD","2023-06-02 01:38:08.357Z",1.0763,1.07636
"exness","EURUSD","2023-06-02 01:38:08.385Z",1.07628,1.07634
"exness","EURUSD","2023-06-02 01:38:11.019Z",1.07628,1.07633
"exness","EURUSD","2023-06-02 01:38:14.150Z",1.07629,1.07635
"exness","EURUSD","2023-06-02 01:38:15.902Z",1.07627,1.07633
"exness","EURUSD","2023-06-02 01:38:15.924Z",1.07626,1.07632
"exness","EURUSD","2023-06-02 01:38:19.149Z",1.07627,1.07634
"exness","EURUSD","2023-06-02 01:38:21.229Z",1.07626,1.07632
"exness","EURUSD","2023-06-02 01:38:22.282Z",1.07625,1.07631
"exness","EURUSD","2023-06-02 01:38:24.815Z",1.07624,1.07629
"exness","EURUSD","2023-06-02 01:38:24.912Z",1.07622,1.07628
"exness","EURUSD","2023-06-02 01:38:25.136Z",1.07622,1.07627
"exness","EURUSD","2023-06-02 01:38:26.147Z",1.0762,1.07627
"exness","EURUSD","2023-06-02 01:38:28.683Z",1.07618,1.07624
"exness","EURUSD","2023-06-02 01:38:29.574Z",1.0762,1.07625
"exness","EURUSD","2023-06-02 01:38:30.600Z",1.07618,1.07625
"exness","EURUSD","2023-06-02 01:38:31.922Z",1.07617,1.07623
"exness","EURUSD","2023-06-02 01:38:32.064Z",1.07615,1.07621
"exness","EURUSD","2023-06-02 01:38:33.100Z",1.07615,1.0762
"exness","EURUSD","2023-06-02 01:38:37.249Z",1.07614,1.0762
"exness","EURUSD","2023-06-02 01:38:51.746Z",1.07615,1.07621
"exness","EURUSD","2023-06-02 01:38:51.803Z",1.07616,1.07623
"exness","EURUSD","2023-06-02 01:38:53.709Z",1.07615,1.07621
"exness","EURUSD","2023-06-02 01:38:58.340Z",1.07614,1.07619
"exness","EURUSD","2023-06-02 01:39:04.125Z",1.07615,1.07622
"exness","EURUSD","2023-06-02 01:39:06.488Z",1.07617,1.07623
"exness","EURUSD","2023-06-02 01:39:10.056Z",1.07618,1.07623
"exness","EURUSD","2023-06-02 01:39:17.404Z",1.07616,1.07622
"exness","EURUSD","2023-06-02 01:39:17.455Z",1.07614,1.07621
"exness","EURUSD","2023-06-02 01:39:20.710Z",1.07613,1.07619
"exness","EURUSD","2023-06-02 01:39:20.918Z",1.07611,1.07617
"exness","EURUSD","2023-06-02 01:39:21.106Z",1.07609,1.07616
"exness","EURUSD","2023-06-02 01:39:24.925Z",1.07611,1.07616
"exness","EURUSD","2023-06-02 01:39:25.023Z",1.07609,1.07615
"exness","EURUSD","2023-06-02 01:39:26.861Z",1.0761,1.07616
"exness","EURUSD","2023-06-02 01:39:26.896Z",1.07612,1.07618
"exness","EURUSD","2023-06-02 01:39:29.061Z",1.07613,1.0762
"exness","EURUSD","2023-06-02 01:39:30.310Z",1.07613,1.07618
"exness","EURUSD","2023-06-02 01:39:31.799Z",1.07611,1.07618
"exness","EURUSD","2023-06-02 01:39:31.822Z",1.07611,1.07616
"exness","EURUSD","2023-06-02 01:39:32.167Z",1.07611,1.07617
"exness","EURUSD","2023-06-02 01:39:32.351Z",1.07613,1.07619
"exness","EURUSD","2023-06-02 01:39:39.728Z",1.07611,1.07617
"exness","EURUSD","2023-06-02 01:39:43.204Z",1.0761,1.07615
"exness","EURUSD","2023-06-02 01:39:47.410Z",1.07611,1.07618
"exness","EURUSD","2023-06-02 01:39:49.229Z",1.07612,1.07619
"exness","EURUSD","2023-06-02 01:39:53.263Z",1.07611,1.07616
"exness","EURUSD","2023-06-02 01:39:53.833Z",1.0761,1.07616
"exness","EURUSD","2023-06-02 01:39:54.719Z",1.07609,1.07614
"exness","EURUSD","2023-06-02 01:39:55.868Z",1.07611,1.07617
"exness","EURUSD","2023-06-02 01:39:55.916Z",1.07612,1.07619
"exness","EURUSD","2023-06-02 01:39:58.557Z",1.0761,1.07615
"exness","EURUSD","2023-06-02 01:40:02.570Z",1.07612,1.07618
"exness","EURUSD","2023-06-02 01:40:02.748Z",1.07613,1.07619
"exness","EURUSD","2023-06-02 01:40:02.816Z",1.07615,1.07621
"exness","EURUSD","2023-06-02 01:40:02.953Z",1.07614,1.07619
"exness","EURUSD","2023-06-02 01:40:03.688Z",1.07615,1.07621
"exness","EURUSD","2023-06-02 01:40:05.204Z",1.07613,1.0762
"exness","EURUSD","2023-06-02 01:40:05.367Z",1.07612,1.07617
"exness","EURUSD","2023-06-02 01:40:05.393Z",1.07611,1.07617
"exness","EURUSD","2023-06-02 01:40:06.144Z",1.07609,1.07616
"exness","EURUSD","2023-06-02 01:40:06.314Z",1.07608,1.07614
"exness","EURUSD","2023-06-02 01:40:08.440Z",1.07605,1.07611
"exness","EURUSD","2023-06-02 01:40:08.519Z",1.07605,1.0761
"exness","EURUSD","2023-06-02 01:40:12.325Z",1.07603,1.0761
"exness","EURUSD","2023-06-02 01:40:24.178Z",1.07602,1.07607
"exness","EURUSD","2023-06-02 01:40:26.286Z",1.07602,1.07609
"exness","EURUSD","2023-06-02 01:40:29.333Z",1.07603,1.0761
"exness","EURUSD","2023-06-02 01:40:30.327Z",1.07605,1.07611
"exness","EURUSD","2023-06-02 01:40:35.443Z",1.07607,1.07613
"exness","EURUSD","2023-06-02 01:40:36.468Z",1.07608,1.07613
"exness","EURUSD","2023-06-02 01:40:37.406Z",1.07608,1.07615
"exness","EURUSD","2023-06-02 01:40:37.422Z",1.0761,1.07616
"exness","EURUSD","2023-06-02 01:40:37.509Z",1.07612,1.07618
"exness","EURUSD","2023-06-02 01:40:39.552Z",1.07613,1.07618
"exness","EURUSD","2023-06-02 01:40:40.639Z",1.07612,1.07618
"exness","EURUSD","2023-06-02 01:40:41.666Z",1.07611,1.07617
"exness","EURUSD","2023-06-02 01:40:42.145Z",1.07609,1.07615
"exness","EURUSD","2023-06-02 01:40:45.655Z",1.07608,1.07613
"exness","EURUSD","2023-06-02 01:40:56.857Z",1.07607,1.07613
"exness","EURUSD","2023-06-02 01:40:59.533Z",1.07608,1.07613
"exness","EURUSD","2023-06-02 01:41:06.202Z",1.07608,1.07614
"exness","EURUSD","2023-06-02 01:41:10.170Z",1.0761,1.07615
"exness","EURUSD","2023-06-02 01:41:25.824Z",1.07611,1.07617
"exness","EURUSD","2023-06-02 01:41:25.867Z",1.07613,1.07619
"exness","EURUSD","2023-06-02 01:41:41.811Z",1.07614,1.07621
"exness","EURUSD","2023-06-02 01:41:43.288Z",1.07616,1.07622
"exness","EURUSD","2023-06-02 01:41:57.360Z",1.07615,1.07621
"exness","EURUSD","2023-06-02 01:42:02.084Z",1.07613,1.07619
"exness","EURUSD","2023-06-02 01:42:02.092Z",1.07611,1.07617
"exness","EURUSD","2023-06-02 01:42:02.686Z",1.0761,1.07616
"exness","EURUSD","2023-06-02 01:42:03.132Z",1.07611,1.07618
"exness","EURUSD","2023-06-02 01:42:03.377Z",1.07613,1.07618
"exness","EURUSD","2023-06-02 01:42:03.745Z",1.07614,1.0762
"exness","EURUSD","2023-06-02 01:42:04.112Z",1.07615,1.0762
"exness","EURUSD","2023-06-02 01:42:06.615Z",1.07612,1.07619
"exness","EURUSD","2023-06-02 01:42:06.660Z",1.07611,1.07617
"exness","EURUSD","2023-06-02 01:42:06.899Z",1.07609,1.07616
"exness","EURUSD","2023-06-02 01:42:07.065Z",1.07608,1.07614
"exness","EURUSD","2023-06-02 01:42:27.267Z",1.07606,1.07612
"exness","EURUSD","2023-06-02 01:42:27.460Z",1.07605,1.0761
"exness","EURUSD","2023-06-02 01:42:28.309Z",1.07603,1.07609
"exness","EURUSD","2023-06-02 01:42:35.448Z",1.07605,1.07612
"exness","EURUSD","2023-06-02 01:42:37.328Z",1.07603,1.07609
"exness","EURUSD","2023-06-02 01:42:38.901Z",1.07602,1.07608
"exness","EURUSD","2023-06-02 01:42:40.682Z",1.07602,1.07607
"exness","EURUSD","2023-06-02 01:42:40.701Z",1.076,1.07607
"exness","EURUSD","2023-06-02 01:42:41.903Z",1.07599,1.07605
"exness","EURUSD","2023-06-02 01:42:46.445Z",1.07598,1.0760399999999999
"exness","EURUSD","2023-06-02 01:43:00.326Z",1.07596,1.07602
"exness","EURUSD","2023-06-02 01:43:08.321Z",1.07595,1.07601
"exness","EURUSD","2023-06-02 01:43:08.330Z",1.07593,1.07599
"exness","EURUSD","2023-06-02 01:43:08.526Z",1.07593,1.07598
"exness","EURUSD","2023-06-02 01:43:12.339Z",1.07593,1.07599
"exness","EURUSD","2023-06-02 01:43:12.371Z",1.07594,1.07601
"exness","EURUSD","2023-06-02 01:43:12.402Z",1.07596,1.07602
"exness","EURUSD","2023-06-02 01:43:12.822Z",1.07598,1.0760399999999999
"exness","EURUSD","2023-06-02 01:43:12.866Z",1.076,1.07605
"exness","EURUSD","2023-06-02 01:43:20.182Z",1.07598,1.07603
"exness","EURUSD","2023-06-02 01:43:30.097Z",1.07599,1.07605
"exness","EURUSD","2023-06-02 01:43:30.148Z",1.07601,1.07607
"exness","EURUSD","2023-06-02 01:43:31.302Z",1.076,1.07605
"exness","EURUSD","2023-06-02 01:43:32.910Z",1.07599,1.0760399999999999
"exness","EURUSD","2023-06-02 01:43:41.464Z",1.07599,1.07605
"exness","EURUSD","2023-06-02 01:43:53.205Z",1.076,1.07607
"exness","EURUSD","2023-06-02 01:43:55.250Z",1.076,1.07605
"exness","EURUSD","2023-06-02 01:43:57.592Z",1.076,1.07606
"exness","EURUSD","2023-06-02 01:43:57.658Z",1.07602,1.07608
"exness","EURUSD","2023-06-02 01:44:02.564Z",1.07603,1.07608
"exness","EURUSD","2023-06-02 01:44:10.764Z",1.07601,1.07607
"exness","EURUSD","2023-06-02 01:44:15.101Z",1.07602,1.07609
"exness","EURUSD","2023-06-02 01:44:33.362Z",1.076,1.07606
"exness","EURUSD","2023-06-02 01:44:36.418Z",1.07598,1.07605
"exness","EURUSD","2023-06-02 01:44:44.934Z",1.07597,1.07603
"exness","EURUSD","2023-06-02 01:44:44.986Z",1.07597,1.07602
"exness","EURUSD","2023-06-02 01:44:45.002Z",1.07597,1.07603
"exness","EURUSD","2023-06-02 01:44:46.031Z",1.07598,1.07603
"exness","EURUSD","2023-06-02 01:44:49.232Z",1.07596,1.07602
"exness","EURUSD","2023-06-02 01:44:58.962Z",1.07597,1.0760399999999999
"exness","EURUSD","2023-06-02 01:45:08.695Z",1.07599,1.0760399999999999
"exness","EURUSD","2023-06-02 01:45:10.268Z",1.07599,1.07606
"exness","EURUSD","2023-06-02 01:45:15.098Z",1.07599,1.0760399999999999
"exness","EURUSD","2023-06-02 01:45:21.241Z",1.07597,1.07603
"exness","EURUSD","2023-06-02 01:45:27.644Z",1.07598,1.0760399999999999
"exness","EURUSD","2023-06-02 01:45:32.572Z",1.07599,1.07606
"exness","EURUSD","2023-06-02 01:45:33.360Z",1.07601,1.07607
"exness","EURUSD","2023-06-02 01:45:33.373Z",1.07603,1.07609
"exness","EURUSD","2023-06-02 01:45:33.470Z",1.0760399999999999,1.07609
"exness","EURUSD","2023-06-02 01:45:35.024Z",1.07602,1.07609
"exness","EURUSD","2023-06-02 01:45:35.262Z",1.07602,1.07607
"exness","EURUSD","2023-06-02 01:45:35.761Z",1.076,1.07606
"exness","EURUSD","2023-06-02 01:45:35.795Z",1.07598,1.07605
"exness","EURUSD","2023-06-02 01:45:45.449Z",1.07601,1.07607
"exness","EURUSD","2023-06-02 01:45:46.052Z",1.07603,1.07608
"exness","EURUSD","2023-06-02 01:45:52.581Z",1.07603,1.07609
"exness","EURUSD","2023-06-02 01:45:55.501Z",1.07601,1.07607
"exness","EURUSD","2023-06-02 01:45:55.555Z",1.076,1.07606
"exness","EURUSD","2023-06-02 01:45:57.804Z",1.07599,1.0760399999999999
"exness","EURUSD","2023-06-02 01:45:59.040Z",1.076,1.07606
"exness","EURUSD","2023-06-02 01:45:59.953Z",1.07602,1.07607
"exness","EURUSD","2023-06-02 01:46:00.882Z",1.07602,1.07608
"exness","EURUSD","2023-06-02 01:46:06.030Z",1.0760399999999999,1.0761
"exness","EURUSD","2023-06-02 01:46:06.058Z",1.07606,1.07611
"exness","EURUSD","2023-06-02 01:46:07.246Z",1.07605,1.07611
"exness","EURUSD","2023-06-02 01:46:11.359Z",1.0760399999999999,1.0761
"exness","EURUSD","2023-06-02 01:46:36.530Z",1.07605,1.0761
"exness","EURUSD","2023-06-02 01:46:38.133Z",1.07605,1.07612
"exness","EURUSD","2023-06-02 01:46:38.208Z",1.07607,1.07613
"exness","EURUSD","2023-06-02 01:46:39.138Z",1.07609,1.07614
"exness","EURUSD","2023-06-02 01:46:42.766Z",1.07609,1.07615
"exness","EURUSD","2023-06-02 01:46:45.061Z",1.0761,1.07615
"exness","EURUSD","2023-06-02 01:46:46.213Z",1.07611,1.07617
"exness","EURUSD","2023-06-02 01:46:47.069Z",1.07612,1.07617
"exness","EURUSD","2023-06-02 01:46:57.883Z",1.0761,1.07616
"exness","EURUSD","2023-06-02 01:46:58.896Z",1.07611,1.07617
"exness","EURUSD","2023-06-02 01:46:59.266Z",1.07613,1.07619
"exness","EURUSD","2023-06-02 01:47:00.211Z",1.07615,1.0762
"exness","EURUSD","2023-06-02 01:47:02.368Z",1.07616,1.07622
"exness","EURUSD","2023-06-02 01:47:07.293Z",1.07615,1.07621
"exness","EURUSD","2023-06-02 01:47:09.562Z",1.07615,1.0762
"exness","EURUSD","2023-06-02 01:47:10.582Z",1.07615,1.07621
"exness","EURUSD","2023-06-02 01:47:11.596Z",1.07613,1.0762
"exness","EURUSD","2023-06-02 01:47:14.930Z",1.07615,1.0762
"exness","EURUSD","2023-06-02 01:47:17.269Z",1.07616,1.07622
"exness","EURUSD","2023-06-02 01:47:18.918Z",1.07617,1.07622
"exness","EURUSD","2023-06-02 01:47:19.956Z",1.07618,1.07624
"exness","EURUSD","2023-06-02 01:47:21.445Z",1.07619,1.07624
"exness","EURUSD","2023-06-02 01:47:23.307Z",1.07617,1.07624
"exness","EURUSD","2023-06-02 01:47:23.524Z",1.07617,1.07622
"exness","EURUSD","2023-06-02 01:47:23.977Z",1.07618,1.07624
"exness","EURUSD","2023-06-02 01:47:37.199Z",1.0762,1.07626
"exness","EURUSD","2023-06-02 01:47:39.417Z",1.07622,1.07628
"exness","EURUSD","2023-06-02 01:47:39.446Z",1.07623,1.07629
"exness","EURUSD","2023-06-02 01:47:39.654Z",1.07625,1.0763
"exness","EURUSD","2023-06-02 01:47:41.694Z",1.07625,1.07632
"exness","EURUSD","2023-06-02 01:47:43.651Z",1.07627,1.07634
"exness","EURUSD","2023-06-02 01:47:43.661Z",1.07629,1.07636
"exness","EURUSD","2023-06-02 01:47:46.230Z",1.07631,1.07637
"exness","EURUSD","2023-06-02 01:47:46.282Z",1.07632,1.07639
"exness","EURUSD","2023-06-02 01:47:46.940Z",1.07634,1.07639
"exness","EURUSD","2023-06-02 01:47:50.729Z",1.07635,1.07641
"exness","EURUSD","2023-06-02 01:47:51.085Z",1.07637,1.07642
"exness","EURUSD","2023-06-02 01:47:51.334Z",1.07635,1.07641
"exness","EURUSD","2023-06-02 01:47:53.731Z",1.07637,1.07642
"exness","EURUSD","2023-06-02 01:47:53.823Z",1.07637,1.07644
"exness","EURUSD","2023-06-02 01:47:54.101Z",1.07639,1.07644
"exness","EURUSD","2023-06-02 01:47:54.871Z",1.0764,1.07646
"exness","EURUSD","2023-06-02 01:47:54.989Z",1.07641,1.07648
"exness","EURUSD","2023-06-02 01:47:55.823Z",1.0764,1.07646
"exness","EURUSD","2023-06-02 01:47:57.462Z",1.07641,1.07647
"exness","EURUSD","2023-06-02 01:47:58.355Z",1.07643,1.07648
"exness","EURUSD","2023-06-02 01:47:59.171Z",1.07642,1.07648
"exness","EURUSD","2023-06-02 01:47:59.294Z",1.0764,1.07646
"exness","EURUSD","2023-06-02 01:48:00.128Z",1.0764,1.07645
"exness","EURUSD","2023-06-02 01:48:01.142Z",1.07639,1.07645
"exness","EURUSD","2023-06-02 01:48:02.173Z",1.07637,1.07644
"exness","EURUSD","2023-06-02 01:48:03.351Z",1.0764,1.07646
"exness","EURUSD","2023-06-02 01:48:04.213Z",1.07641,1.07647
"exness","EURUSD","2023-06-02 01:48:04.861Z",1.0764,1.07646
"exness","EURUSD","2023-06-02 01:48:06.173Z",1.0764,1.07645
"exness","EURUSD","2023-06-02 01:48:06.400Z",1.0764,1.07646
"exness","EURUSD","2023-06-02 01:48:07.835Z",1.07641,1.07647
"exness","EURUSD","2023-06-02 01:48:10.359Z",1.07641,1.07646
"exness","EURUSD","2023-06-02 01:48:10.989Z",1.07642,1.07648
"exness","EURUSD","2023-06-02 01:48:13.432Z",1.07643,1.07649
"exness","EURUSD","2023-06-02 01:48:14.258Z",1.07644,1.0765
"exness","EURUSD","2023-06-02 01:48:14.274Z",1.07646,1.07652
"exness","EURUSD","2023-06-02 01:48:14.386Z",1.07647,1.07654
"exness","EURUSD","2023-06-02 01:48:14.486Z",1.07649,1.0765500000000001
"exness","EURUSD","2023-06-02 01:48:15.387Z",1.07651,1.07656
"exness","EURUSD","2023-06-02 01:48:15.445Z",1.07651,1.07657
"exness","EURUSD","2023-06-02 01:48:15.513Z",1.07651,1.07656
"exness","EURUSD","2023-06-02 01:48:16.211Z",1.07649,1.0765500000000001
"exness","EURUSD","2023-06-02 01:48:16.941Z",1.07649,1.07654
"exness","EURUSD","2023-06-02 01:48:18.070Z",1.07649,1.0765500000000001
"exness","EURUSD","2023-06-02 01:48:18.101Z",1.07651,1.07656
"exness","EURUSD","2023-06-02 01:48:18.966Z",1.07651,1.07657
"exness","EURUSD","2023-06-02 01:48:19.552Z",1.07653,1.07659
"exness","EURUSD","2023-06-02 01:48:19.619Z",1.07654,1.07659
"exness","EURUSD","2023-06-02 01:48:19.663Z",1.0765500000000001,1.07661
"exness","EURUSD","2023-06-02 01:48:19.691Z",1.07656,1.07661
"exness","EURUSD","2023-06-02 01:48:20.347Z",1.07657,1.07663
"exness","EURUSD","2023-06-02 01:48:20.909Z",1.07658,1.07663
"exness","EURUSD","2023-06-02 01:48:21.299Z",1.07659,1.0766499999999999
"exness","EURUSD","2023-06-02 01:48:21.526Z",1.07661,1.07666
"exness","EURUSD","2023-06-02 01:48:21.660Z",1.07659,1.07666
"exness","EURUSD","2023-06-02 01:48:22.186Z",1.07661,1.07667
"exness","EURUSD","2023-06-02 01:48:25.659Z",1.07662,1.07668
"exness","EURUSD","2023-06-02 01:48:26.972Z",1.07661,1.07667
"exness","EURUSD","2023-06-02 01:48:29.476Z",1.0766,1.0766499999999999
"exness","EURUSD","2023-06-02 01:48:32.514Z",1.07659,1.0766499999999999
"exness","EURUSD","2023-06-02 01:48:33.738Z",1.07661,1.07667
"exness","EURUSD","2023-06-02 01:48:34.573Z",1.07663,1.07669
"exness","EURUSD","2023-06-02 01:48:35.779Z",1.0766,1.07666
"exness","EURUSD","2023-06-02 01:48:36.421Z",1.0766,1.0766499999999999
"exness","EURUSD","2023-06-02 01:48:37.572Z",1.07659,1.0766499999999999
"exness","EURUSD","2023-06-02 01:48:37.727Z",1.0766,1.07667
"exness","EURUSD","2023-06-02 01:48:39.547Z",1.0766,1.0766499999999999
"exness","EURUSD","2023-06-02 01:48:44.957Z",1.07658,1.0766499999999999
"exness","EURUSD","2023-06-02 01:48:45.524Z",1.07657,1.07663
"exness","EURUSD","2023-06-02 01:48:45.541Z",1.0765500000000001,1.07662
"exness","EURUSD","2023-06-02 01:48:46.377Z",1.0765500000000001,1.0766
"exness","EURUSD","2023-06-02 01:48:47.588Z",1.07654,1.0766
"exness","EURUSD","2023-06-02 01:48:55.083Z",1.07652,1.07658
"exness","EURUSD","2023-06-02 01:48:55.096Z",1.0765,1.07656
"exness","EURUSD","2023-06-02 01:48:56.206Z",1.07649,1.0765500000000001
"exness","EURUSD","2023-06-02 01:48:56.264Z",1.0765,1.0765500000000001
"exness","EURUSD","2023-06-02 01:49:05.346Z",1.07651,1.07657
"exness","EURUSD","2023-06-02 01:49:08.080Z",1.07649,1.0765500000000001
"exness","EURUSD","2023-06-02 01:49:13.471Z",1.07647,1.07654
"exness","EURUSD","2023-06-02 01:49:14.515Z",1.07649,1.0765500000000001
"exness","EURUSD","2023-06-02 01:49:15.097Z",1.0765,1.07657
"exness","EURUSD","2023-06-02 01:49:15.135Z",1.07652,1.07658
"exness","EURUSD","2023-06-02 01:49:18.804Z",1.07653,1.07658
"exness","EURUSD","2023-06-02 01:49:20.187Z",1.07652,1.07658
"exness","EURUSD","2023-06-02 01:49:21.350Z",1.07653,1.07658
"exness","EURUSD","2023-06-02 01:49:23.487Z",1.07653,1.07659
"exness","EURUSD","2023-06-02 01:49:25.977Z",1.07654,1.0766
"exness","EURUSD","2023-06-02 01:49:27.109Z",1.07656,1.07662
"exness","EURUSD","2023-06-02 01:49:36.358Z",1.07657,1.07664
"exness","EURUSD","2023-06-02 01:49:38.815Z",1.07659,1.07664
"exness","EURUSD","2023-06-02 01:49:45.217Z",1.07656,1.07663
"exness","EURUSD","2023-06-02 01:49:45.882Z",1.07656,1.07661
"exness","EURUSD","2023-06-02 01:49:45.948Z",1.07654,1.07661
"exness","EURUSD","2023-06-02 01:49:46.265Z",1.07653,1.07659
"exness","EURUSD","2023-06-02 01:49:55.048Z",1.07651,1.07658
"exness","EURUSD","2023-06-02 01:49:56.540Z",1.0765,1.07656
"exness","EURUSD","2023-06-02 01:49:58.967Z",1.07649,1.0765500000000001
"exness","EURUSD","2023-06-02 01:50:00.416Z",1.0765,1.07656
"exness","EURUSD","2023-06-02 01:50:00.436Z",1.07652,1.07658
"exness","EURUSD","2023-06-02 01:50:05.478Z",1.07651,1.07657
"exness","EURUSD","2023-06-02 01:50:06.478Z",1.07651,1.07656
"exness","EURUSD","2023-06-02 01:50:07.490Z",1.07649,1.0765500000000001
"exness","EURUSD","2023-06-02 01:50:08.565Z",1.0765,1.0765500000000001
"exness","EURUSD","2023-06-02 01:50:12.188Z",1.0765,1.07657
"exness","EURUSD","2023-06-02 01:50:13.293Z",1.07652,1.07658
"exness","EURUSD","2023-06-02 01:50:14.302Z",1.07653,1.07658
"exness","EURUSD","2023-06-02 01:50:17.495Z",1.07653,1.0766
"exness","EURUSD","2023-06-02 01:50:23.819Z",1.0765500000000001,1.07662
"exness","EURUSD","2023-06-02 01:50:26.141Z",1.0765500000000001,1.0766
"exness","EURUSD","2023-06-02 01:50:26.520Z",1.07653,1.07659
"exness","EURUSD","2023-06-02 01:50:26.567Z",1.07652,1.07658
"exness","EURUSD","2023-06-02 01:50:26.804Z",1.0765,1.07656
"exness","EURUSD","2023-06-02 01:50:30.431Z",1.07649,1.0765500000000001
"exness","EURUSD","2023-06-02 01:50:35.454Z",1.07651,1.07657
"exness","EURUSD","2023-06-02 01:50:37.894Z",1.07652,1.07658
"exness","EURUSD","2023-06-02 01:50:38.920Z",1.07653,1.07659
"exness","EURUSD","2023-06-02 01:50:47.889Z",1.07652,1.07658
"exness","EURUSD","2023-06-02 01:51:01.546Z",1.07653,1.07659
"exness","EURUSD","2023-06-02 01:51:03.599Z",1.07656,1.07662
"exness","EURUSD","2023-06-02 01:51:04.309Z",1.07657,1.07662
"exness","EURUSD","2023-06-02 01:51:06.920Z",1.07656,1.07662
"exness","EURUSD","2023-06-02 01:51:11.548Z",1.07656,1.07661
"exness","EURUSD","2023-06-02 01:51:25.458Z",1.07657,1.07663
"exness","EURUSD","2023-06-02 01:52:05.491Z",1.07656,1.07661
"exness","EURUSD","2023-06-02 01:52:06.579Z",1.07654,1.0766
"exness","EURUSD","2023-06-02 01:52:13.847Z",1.07656,1.07662
"exness","EURUSD","2023-06-02 01:52:23.185Z",1.07654,1.0766
"exness","EURUSD","2023-06-02 01:52:34.904Z",1.07653,1.07659
"exness","EURUSD","2023-06-02 01:52:51.063Z",1.07651,1.07657
"exness","EURUSD","2023-06-02 01:52:51.095Z",1.07649,1.07656
"exness","EURUSD","2023-06-02 01:52:51.996Z",1.07649,1.07654
"exness","EURUSD","2023-06-02 01:52:54.425Z",1.07647,1.07653
"exness","EURUSD","2023-06-02 01:52:56.919Z",1.07647,1.07652
